1627 2823
236 255 296 278 202
433 254 599 279 RECORDS
622 255 668 279 OF
692 255 768 279 THE
793 255 970 280 BOROUGH
994 254 1041 279 OF
1066 255 1327 280 NOTTINGHAM.
1428 248 1526 289 [1538

421 359 718 399 CXVIL—Royal
730 359 1006 400 Exemplification
1022 359 1063 398 of
1078 359 1289 399 Procecdings
1306 359 1338 390 in

669 415 738 453 Quo
762 416 936 446 lVarranto
952 415 985 445 in
1004 424 1093 456 1329.

758 485 846 522 1538,
865 484 945 523 May
964 484 1010 513 28.

301 551 498 582 HENRICUS
524 551 678 588 Octavus,
698 551 759 582 Dei
785 552 898 591 gratia,
919 551 1063 592 Angliae
1088 556 1121 582 et
1149 551 1306 582 Franciae
1332 552 1416 589 Rex,
1435 552 1526 583 Fidei

235 606 404 644 Defensor,
420 607 584 638 Dominus
603 607 783 637 Hiberniae
799 612 831 638 et
849 607 880 637 in
898 612 983 638 terra
999 617 1188 647 supremum
1205 612 1304 648 caput
1320 607 1527 648 Anglicanae

236 663 410 700 Ecclesiae,
427 662 589 700 omnibus,
606 663 647 693 ad
665 672 747 703 quos
764 668 953 703 praesentes
971 663 1098 694 litterae
1111 663 1325 703 pervenerint,
1342 663 1490 694 salutem.

300 719 512 759 Inspexirnus
535 719 703 759 quoddam
726 718 824 749 breve
845 723 993 749 nostrum
1015 719 1057 750 de
1078 719 1285 750 certiorando
1309 719 1527 751 Thesaurario

233 780 266 806 et
284 775 479 806 Camerariis
497 775 615 805 nostris
628 775 788 806 directum
806 780 839 806 et
856 775 887 805 in
905 774 1143 807 Cancellariam
1161 779 1306 806 nostram
1324 780 1526 806 retornatum

233 836 266 862 et
294 831 325 861 in
351 830 463 861 filaciis
491 830 639 871 ejusdem
665 830 888 862 Cancellariae
915 835 1047 861 nostrae
1075 830 1227 867 residens,
1250 831 1282 860 in
1310 830 1390 861 haec
1414 831 1527 862 verba:

234 886 452 918 ‘HENRICUS
480 886 636 923 Octavus,
665 887 727 917 Dei
759 887 873 927 gratia,
901 885 1046 926 Angliae
1073 890 1105 917 et
1134 886 1292 917 Franciae
1321 886 1405 924 Rex,
1435 887 1526 918 Fidei

235 941 405 979 Defensor,
421 942 584 972 Dominus
600 942 781 973 Hiberniae
797 947 829 973 et
846 942 878 972 in
896 947 982 973 terra
998 952 1187 982 supremum
1204 947 1304 982 caput
1321 942 1528 983 Anglicanae

236 998 411 1036 Ecclesiae,
428 998 648 1028 Thesaurario
671 1003 703 1028 et
726 998 921 1030 Camerariis
945 998 1019 1035 suis,
1044 998 1192 1029 salutem.
1239 998 1408 1037 Volentes‚
1432 999 1528 1030 certis

233 1054 275 1084 de
291 1054 405 1091 causis,
423 1054 587 1084 certiorari
604 1064 701 1094 super
717 1058 830 1084 tenore
850 1054 974 1084 recordi
992 1058 1024 1084 et
1041 1064 1211 1094 processus
1228 1054 1399 1094 cujusdam
1417 1054 1527 1095 placiti

233 1111 275 1141 de
292 1110 369 1151 Quo
385 1110 563 1141 XVarranto
580 1120 690 1140 coram
709 1109 876 1140 &Villelmo
892 1110 934 1140 de
958 1109 1059 1140 Herle
1075 1114 1108 1140 et
1129 1110 1225 1140 sociis
1246 1110 1321 1147 suis,
1337 1110 1528 1150 Justitiariis

235 1166 371 1197 Domini
401 1165 564 1203 Edwardi,
593 1175 696 1206 nuper
725 1165 826 1205 Regis
854 1165 1006 1205 Angliae,
1035 1166 1146 1203 Tertii,
1172 1166 1390 1207 progenitoris
1418 1166 1528 1204 nostri,

235 1222 471 1253 Itinerantibus
503 1222 590 1262 apud
624 1221 852 1261 Notyngham,
883 1222 936 1252 die
968 1222 1084 1252 Lunae
1114 1222 1270 1262 proximo
1300 1227 1376 1262 post
1407 1221 1526 1253 festum

235 1278 348 1310 Sancti
372 1277 516 1315 Martini,
534 1287 621 1308 anno
646 1277 736 1317 regni
758 1278 837 1308 dicti
861 1277 997 1308 Domini
1022 1278 1123 1318 Regis
1145 1278 1264 1315 tertio,¹
1282 1278 1366 1309 inter
1386 1278 1527 1309 eundem

235 1334 417 1365 Dominum
437 1334 564 1374 Regem
582 1338 614 1364 et
632 1333 794 1373 Majorem
812 1338 845 1364 et
863 1333 1047 1374 Burgenses
1069 1333 1165 1364 villae
1182 1333 1418 1374 Notyngham',
1435 1334 1528 1365 vobis

235 1390 440 1427 mandamus,
457 1390 554 1430 quod,
572 1390 724 1420 scrutatis
746 1389 859 1420 rotulis
882 1394 913 1420 et
936 1389 1006 1420 aliis
1029 1390 1251 1421 memorandis
1267 1391 1308 1421 de
1329 1400 1417 1421 anno
1437 1400 1528 1430 prae-

234 1446 331 1484 dicto,
349 1446 404 1487 qui
429 1451 506 1477 sunt
530 1446 562 1476 in
587 1445 806 1476 Thesauraria
828 1451 940 1476 nostra
961 1445 1022 1476 sub
1042 1446 1192 1476 custodia
1213 1451 1328 1483 vestra,
1345 1451 1381 1477 ut
1403 1446 1528 1483 dicitur,

234 1507 382 1533 tenorem
411 1502 537 1532 recordi
564 1507 597 1532 et
628 1511 799 1542 processus
827 1501 938 1542 placiti
970 1501 1136 1541 praedicti,
1164 1511 1238 1532 cum
1266 1501 1420 1532 omnibus
1448 1501 1528 1532 illud

233 1558 455 1598 tangentibus,
486 1557 581 1588 nobis
613 1557 644 1587 in
677 1556 915 1589 Cancellariam
955 1561 1101 1587 nostram
1136 1556 1197 1587 sub
1227 1556 1335 1597 sigillo
1367 1557 1528 1589 Scaccarii

234 1615 335 1646 nostri
352 1614 507 1645 dIStincte
528 1618 560 1644 et
582 1618 694 1653 aperte
716 1613 786 1643 sine
802 1612 960 1643 dilatione
984 1612 1132 1650 mittatis,
1149 1617 1181 1643 et
1197 1611 1260 1643 hoc
1277 1612 1381 1643 breve.
1428 1613 1529 1643 Teste

233 1680 286 1701 me
303 1670 374 1710 ipso
396 1669 483 1710 apud
501 1668 843 1705 XVesttnonasterium,
861 1667 916 1708 xij.
934 1668 987 1698 die
1010 1667 1185 1705 Februarii,
1203 1678 1292 1699 anno
1314 1669 1403 1709 regni
1426 1669 1528 1700 nostri

233 1726 389 1757 vicesimo
407 1725 532 1756 nono.'²

300 1781 512 1822 Inspeximus
535 1780 768 1820 transcriptum
791 1779 961 1819 cujusdam
985 1779 1095 1819 placiti
1118 1779 1160 1810 de
1181 1779 1258 1820 Quo
1274 1779 1451 1810 Warranto
1472 1790 1530 1820 per

233 1837 397 1878 praefatos
419 1836 676 1867 Thesaurarium
699 1840 731 1866 et
755 1835 968 1871 Camerarios,
986 1840 1161 1875 praetextu
1183 1835 1290 1866 brevis
1313 1835 1414 1866 nostri
1436 1845 1528 1875 prae-

233 1894 319 1931 dicti,
337 1893 432 1924 nobis
454 1893 485 1922 in
504 1891 743 1924 Cancellariam
766 1896 912 1921 nostram
933 1891 1135 1931 praedictam
1159 1891 1294 1921 missum
1312 1895 1344 1922 et
1366 1891 1397 1921 in
1416 1890 1528 1922 filaciis

232 1949 380 1990 ejusdem
400 1947 623 1980 Cancellariae
640 1952 771 1977 nostrae
788 1947 937 1977 similiter
953 1947 1105 1984 residens,
1124 1947 1155 1976 in
1173 1946 1254 1977 haec
1270 1946 1384 1977 verba:

298 2005 443 2035 ‘Placita
458 2004 496 2034 dc
521 2003 589 2042 Quo
615 2003 787 2033 IVarranto
808 2013 913 2033 coram
939 2002 981 2033 W
980 2002 1096 2033 illelmo
1111 2002 1150 2032 de
1171 2002 1272 2033 Herle
1291 2007 1322 2033 et
1339 2002 1432 2033 sociis
1451 2002 1527 2039 suis,

225 2060 432 2103 justitiariis
454 2059 594 2091 Domini
614 2059 715 2099 Regis
738 2058 979 2095 Itineranlz'bus,
1001 2058 1091 2098 apud
1109 2058 1325 2098 Nolynglcam‚
1341 2058 1393 2089 die
1415 2058 1528 2088 Lunae

226 2117 373 2157 proximo
382 2120 456 2156 post
470 2116 596 2155 festum
615 2114 732 2145 Sancti
745 2113 900 2151 Martini,
916 2123 1001 2144 anno
1017 2113 1110 2153 regyzi
1126 2113 1227 2154 Regis
1242 2113 1408 2144 Edwardi
1426 2113 1531 2144 Tertii

232 2183 252 2203 a
272 2172 468 2212 Conquacslu
486 2171 598 2201 lertio.1

297 2227 549 2267 3‘Notingham,
581 2226 710 2256 scilicet.
774 2225 883 2264 Major
914 2230 946 2255 et
979 2225 1162 2265 Burgenses
1193 2225 1288 2255 villae
1321 2224 1526 2264 Notingham

232 2283 423 2315 summoniti
451 2283 580 2313 fuerunt
606 2282 647 2312 ad
674 2281 941 2321 respondendum
969 2280 1115 2311 Domino
1145 2281 1226 2321 Regi
1251 2281 1292 2311 de
1316 2280 1437 2320 placito
1461 2290 1527 2320 quo

282 2397 288 2408 ¹
308 2394 427 2424 Monday,
443 2392 586 2416 November
603 2397 638 2421 ¹3,
656 2397 724 2421 1329.
930 2391 1028 2414 placila
1050 2391 1078 2414 de
1103 2392 1154 2421 Quo
1182 2391 1325 2420 Warranto,
1351 2400 1374 2423 p.
1390 2391 1463 2416 618b
1475 2400 1524 2423 sqq.

280 2438 289 2449 ²
307 2435 430 2465 Tuesday,
448 2434 571 2463 February
588 2439 624 2461 12,
643 2432 738 2463 1537-8.
930 2432 984 2455 The
997 2431 1091 2455 variant
1105 2432 1218 2463 readings
1231 2432 1258 2456 of
1270 2432 1310 2456 the
1323 2432 1420 2463 printed
1432 2432 1526 2456 l'lacila

282 2479 290 2493 ³
308 2476 389 2500 These
406 2475 567 2506 proceedings
583 2482 624 2497 are
636 2473 732 2504 printed
752 2473 776 2496 in
789 2473 830 2497 the
929 2481 970 2496 are
983 2473 1041 2497 here
1054 2473 1156 2497 marked
1172 2473 1225 2497 ‘I’.'

1546 1063 1574 1081 10

1546 1342 1573 1368 ι5

1544 1625 1575 1642 20

1544 1899 1573 1924 25

1543 2180 1574 2205 30
