1627 2823
239 269 297 307 178
432 273 597 299 RECORDS
621 273 667 299 OF
691 273 767 297 TIIE
791 272 969 298 BOROUGII
993 273 1039 298 OF
1065 273 1326 298 NOTTINGIIAM.
1429 265 1527 306 [1524

763 371 994 395 HENCROSSE.

237 426 289 456 De
304 425 457 465 Johanne
477 424 585 454 Roose
602 434 660 464 pro
678 423 854 454 mobilibus
871 423 936 453 suis
981 448 986 453 .
1077 448 1082 453 .
1172 448 1177 453 .
1267 448 1272 453 .
1363 447 1368 452 .
1445 421 1485 462 iij.
1499 421 1527 451 li.

238 482 289 512 De
305 481 473 512 willelmo
492 480 710 510 Edmundson
729 490 787 519 pro
805 478 980 509 mobilibus
997 479 1062 509 suis
1078 504 1083 508 .
1173 503 1178 508 .
1269 503 1273 508 ,
1363 503 1368 508 .
1482 477 1527 517 ijs.

238 538 289 568 De
308 536 455 567 Roberto
473 535 613 575 Dykson
632 545 691 575 pro
708 535 884 565 mobilibus
901 535 966 565 suis
983 560 988 565 .
1077 560 1082 564 .
1173 559 1178 564 .
1268 559 1273 564 .
1363 559 1368 564 .
1406 533 1450 574 ijs.
1465 533 1528 573 vjd,

238 594 290 624 De
305 592 457 632 Johanne
475 592 584 623 Strete
600 601 659 631 pro
677 590 852 621 mobilibus
869 591 935 621 suis
984 615 988 620 .
1079 615 1084 620 .
1174 615 1179 620 .
1270 615 1274 620 .
1364 615 1369 620 .
1416 589 1528 629 xviijd.

239 649 290 679 De
307 648 439 679 Thoma
456 647 561 687 Mody
578 657 637 687 pro
654 646 830 677 mobilibus
847 646 913 676 suis
983 671 988 676 .
1078 671 1083 676 ,
1174 671 1179 676 .
1269 671 1274 675 .
1365 671 1369 675 .
1406 645 1452 685 ijs.
1466 645 1528 685 vjd.
1561 657 1574 682 5

238 705 290 735 De
307 704 438 735 Thoma
455 704 573 734 Munte
590 713 648 743 pro
666 702 841 733 mobilibus
858 702 924 732 suis
980 727 986 732 .
1076 727 1080 732 .
1171 727 1176 732 .
1267 727 1271 731 .
1362 726 1367 731 .
1472 700 1529 740 iijs.

238 760 290 791 De
307 760 438 790 Thoma
454 758 660 799 Wylkenson
678 768 737 798 pro
755 757 929 788 mobilibus
946 758 1012 788 suis
1079 783 1084 788 .
1175 783 1179 787 .
1270 783 1274 787 .
1365 782 1370 787 .
1450 756 1521 796 xijd

239 817 291 846 De
309 815 503 846 Elizabetha
520 814 614 851 Wile,
631 814 738 851 vidua,
756 824 814 854 pro
832 813 1007 844 mobilibus
1023 814 1089 844 suis
1175 839 1179 843 .
1271 838 1275 843 .
1366 838 1370 842 .
1451 812 1530 852 xijd.

240 872 291 902 De
307 871 439 902 Thoma
455 870 567 901 XVales
584 880 643 910 pro
661 869 835 900 mobilibus
853 869 918 900 suis
985 894 990 899 .
1080 894 1084 899 .
1176 895 1180 899 .
1271 894 1275 899 .
1366 894 1370 898 .
1454 868 1530 908 iiijd.

240 928 292 958 De
311 927 453 958 Ricardo
471 926 611 966 Dykson
629 936 688 965 pro
706 925 881 956 mobilibus
898 925 963 955 suis
985 950 990 955 .
1081 950 1085 955 .
1175 950 1180 955 .
1271 950 1276 955 .
1367 950 1371 955 .
1452 924 1530 964 xijd.
1550 940 1578 957 10

240 984 292 1014 De
309 983 441 1013 Thoma
459 982 663 1012 Richardson
682 991 741 1021 pro
759 981 934 1011 mobilibus
951 981 1016 1011 suis
1080 1006 1085 1011 .
1176 1006 1180 1010 .
1271 1006 1276 1010 .
1367 1005 1371 1010 .
1455 980 1531 1020 iiijd.

241 1040 293 1070 De
309 1039 476 1070 &Villelmo
495 1039 576 1078 Pety
593 1048 651 1078 pro
669 1037 844 1067 mobilibus
861 1037 927 1067 suis
986 1062 991 1067 .
1081 1062 1086 1067 .
1176 1062 1181 1067 .
1271 1062 1276 1067 .
1367 1061 1371 1066 .
1455 1035 1531 1075 iiijd.

243 1096 294 1126 De
314 1095 460 1125 Roberto
478 1094 631 1124 Nedham
649 1104 708 1133 pro
726 1093 901 1124 mobilibus
918 1093 984 1123 suis
1081 1118 1086 1122 .
1176 1118 1181 1123 .
1271 1118 1276 1122 .
1367 1117 1372 1122 .
1463 1091 1532 1131 iiijs.

307 1152 460 1183 Summa:
485 1151 525 1191 iij.
538 1150 566 1180 li.
583 1150 668 1180 xixs.
683 1149 745 1190 vjd.

802 1211 974 1234 FREROW.

242 1265 294 1295 De
310 1263 478 1294 willelmo
496 1263 616 1294 Lovett
634 1274 692 1303 pro
710 1263 886 1293 mobilibus
903 1263 968 1293 suis
987 1287 992 1293 .
1083 1287 1088 1292 .
1178 1287 1182 1292 .
1273 1287 1278 1292 .
1369 1287 1374 1292 .
1455 1260 1532 1301 xijd.
1552 1275 1578 1301 ¹5

243 1322 294 1352 Dc
314 1320 458 1350 Henrico
477 1319 598 1359 Derby,
615 1319 776 1355 servienti,
794 1329 852 1359 pro
869 1318 1040 1358 stipendiis
1057 1319 1122 1348 suis
1177 1343 1182 1348 .
1273 1343 1278 1348 .
1368 1343 1373 1348 .
1458 1317 1533 1357 iiijd.

246 1377 297 1407 De
313 1376 465 1416 Johanne
483 1376 616 1412 Burton‚
633 1375 794 1411 servienti,
811 1385 870 1414 pro
886 1375 1057 1415 stipendiis
1074 1375 1139 1404 suis
1179 1399 1183 1404 .
1274 1399 1278 1404 .
1369 1398 1374 1403 .
1458 1373 1533 1413 iiijd.

245 1433 296 1463 De
316 1432 463 1463 Roberto
479 1432 582 1462 Yates
599 1441 658 1471 pro
675 1431 851 1461 mobilibus
868 1431 933 1470 suis
989 1455 995 1461 .
1085 1455 1090 1460 .
1180 1455 1184 1460 .
1275 1455 1279 1460 .
1370 1454 1374 1459 .
1455 1428 1534 1468 xijd.

243 1489 294 1519 De
313 1488 458 1519 Henrico
477 1487 596 1527 Flynte
613 1497 672 1527 pro
690 1486 866 1516 mobilibus
883 1486 949 1516 suis
987 1511 992 1516 .
1082 1511 1087 1516 .
1177 1511 1182 1516 .
1273 1511 1278 1515 .
1368 1510 1373 1514 .
1421 1484 1534 1524 xviijd.

244 1545 296 1575 De
312 1544 465 1584 Johanne
482 1543 610 1583 Glegge
626 1553 686 1582 pro
703 1542 878 1572 mobilibus
896 1542 961 1572 suis
989 1567 994 1572 .
1084 1567 1088 1572 .
1179 1567 1184 1572 .
1274 1566 1279 1571 .
1369 1566 1374 1570 .
1459 1540 1534 1580 iiijd.
1550 1553 1581 1570 20

246 1601 297 1630 De
314 1599 473 1630 Mathaeo
491 1598 666 1638 Lanngith
683 1608 742 1638 pro
760 1597 935 1628 mobilibus
952 1598 1017 1628 suis
1084 1623 1089 1628 .
1179 1623 1184 1627 .
1275 1622 1280 1627 .
1370 1622 1375 1626 .
1455 1595 1534 1635 xijd.

244 1656 295 1686 De
311 1655 463 1696 johanne
481 1654 549 1685 Bell
568 1664 627 1694 pro
644 1653 820 1684 mobilibus
837 1653 902 1683 suis
986 1678 992 1683 .
1083 1679 1087 1683 .
1178 1678 1183 1683 .
1273 1678 1278 1683 .
1369 1677 1373 1682 .
1422 1651 1534 1691 xviijd.
1580 1658 1585 1660 ’

244 1712 295 1742 De
311 1711 463 1752 Johanne
479 1710 611 1750 Wright
628 1720 687 1749 pro
704 1708 879 1739 mobilibus
897 1709 962 1739 suis
990 1734 994 1739 .
1085 1734 1089 1738 .
1179 1734 1184 1738 .
1275 1733 1279 1738 .
1370 1733 1375 1738 .
1459 1707 1534 1746 iiijd.

244 1768 296 1798 De
314 1766 457 1797 Ricardo
474 1765 620 1796 Ambros
637 1775 695 1805 pro
713 1764 889 1794 mobilibus
906 1765 972 1795 suis
989 1789 993 1794 .
1084 1789 1089 1794 .
1179 1789 1184 1794 .
1275 1789 1279 1794 .
1369 1788 1374 1793 .
1456 1762 1534 1802 xijd.

245 1824 296 1853 De
313 1823 445 1853 Thoma
462 1821 604 1860 Strelley
621 1831 679 1860 pro
696 1820 788 1851 terris
805 1820 871 1850 suis
895 1845 900 1850 .
989 1845 994 1850 .
1085 1845 1089 1850 .
1180 1845 1184 1850 .
1275 1845 1280 1849 .
1371 1844 1375 1849 .
1489 1817 1534 1857 ijs.
1551 1830 1581 1856 25

246 1879 298 1909 De
317 1878 460 1908 Ricardo
478 1876 662 1916 Byngham,
680 1875 841 1912 servienti,
859 1886 918 1915 pro
934 1876 1105 1916 stipendiis
1123 1875 1188 1906 suis
1275 1900 1280 1905 .
1370 1899 1375 1904 .
1456 1873 1535 1913 xijd.

248 1935 298 1965 De
316 1933 425 1964 Alicia
443 1933 560 1968 Strete,
577 1932 683 1968 vidua,
701 1942 760 1971 pro
778 1931 953 1961 mobilibus
970 1931 1035 1961 suis
1084 1956 1089 1961 .
1179 1955 1184 1960 .
1275 1955 1279 1960 .
1370 1955 1375 1960 .
1459 1929 1535 1969 iiijd.

246 1991 298 2020 De
316 1989 459 2020 Ricardo
477 1987 624 2028 Snayth',
641 1987 802 2023 servienti,
820 1997 879 2026 pro
895 1987 1066 2027 stipendiis
1083 1987 1149 2016 suis
1180 2011 1185 2016 .
1275 2011 1280 2016 .
1370 2011 1375 2016 .
1459 1985 1534 2024 iiijd.

246 2046 298 2076 De
315 2044 478 2075 Nicholao
497 2044 612 2080 Sivan'‚
630 2043 791 2079 servienti,
809 2053 867 2082 pro
885 2042 1056 2082 stipendiis
1072 2042 1138 2072 suis
1180 2066 1185 2071 .
1275 2066 1280 2071 .
1370 2066 1375 2071 .
1459 2040 1535 2080 iiijd.

246 2102 297 2132 De
314 2101 445 2131 Thoma
465 2099 615 2136 Hersord,
633 2099 793 2135 servienti,
812 2109 870 2138 pro
887 2098 1057 2138 stipendiis
1074 2098 1140 2128 suis
1179 2122 1184 2127 .
1274 2122 1279 2127 .
1370 2121 1375 2126 .
1460 2096 1535 2135 iiijd.
1552 2108 1583 2133 30

247 2157 298 2187 De
315 2157 446 2187 Thoma
463 2156 618 2195 Guymer,
635 2155 796 2191 servienti,
813 2164 872 2194 pro
889 2154 1060 2194 stipendiis
1077 2154 1142 2184 suis
1180 2178 1185 2183 .
1276 2177 1280 2182 .
1371 2177 1376 2182 .
1460 2151 1536 2191 iiijd.

312 2213 467 2244 Summa:
492 2211 576 2251 xiijs.

787 2264 988 2287 INFANTES.

249 2320 300 2350 De
324 2319 457 2358 Agnete
483 2317 648 2357 Maskary,
667 2316 798 2353 infante,
817 2317 847 2347 in
873 2317 1021 2348 custodia
1045 2315 1201 2347 willelmi
1228 2315 1378 2355 Kyrkby,

334 2385 393 2414 pro
411 2373 586 2403 mobilibus
603 2372 668 2402 suis
706 2397 711 2402 .
802 2397 807 2402 .
897 2397 902 2402 .
992 2397 996 2402 .
1087 2397 1092 2401 .
1182 2396 1187 2401 .
1277 2395 1282 2400 .
1373 2395 1378 2400 .
1458 2369 1536 2409 xijd.

249 2431 300 2461 De
325 2429 489 2469 Margeria
513 2427 592 2465 Ball,
609 2427 741 2464 infante,
759 2427 790 2457 in
815 2427 964 2458 custodia
987 2427 1122 2457 Roberti
1141 2426 1303 2463 Nedham,
1320 2436 1379 2466 pro
1553 2439 1582 2465 35

334 2485 510 2515 mobilibus
526 2484 592 2514 suis
613 2508 618 2513 .
708 2507 714 2513 .
803 2507 809 2513 .
899 2507 904 2512 .
993 2507 999 2512 .
1088 2507 1093 2512 .
1183 2506 1188 2512 .
1277 2506 1283 2512 .
1372 2506 1378 2511 .
1479 2480 1536 2520 iijs.
