<?xml version="1.0" encoding="UTF-8"?>
<!DOCTYPE html PUBLIC "-//W3C//DTD XHTML 1.0 Transitional//EN"
    "http://www.w3.org/TR/xhtml1/DTD/xhtml1-transitional.dtd">
<html xmlns="http://www.w3.org/1999/xhtml" xml:lang="en" lang="en">
 <head>
  <title>
</title>
<meta http-equiv="Content-Type" content="text/html;charset=utf-8" />
  <meta name='ocr-system' content='tesseract 3.04.00' />
  <meta name='ocr-capabilities' content='ocr_page ocr_carea ocr_par ocr_line ocrx_word'/>
</head>
<body>
  <div class='ocr_page' id='page_1' title='image "./recordsofborough03nott_0190.png"; bbox 0 0 1627 2823; ppageno 0'>
   <div class='ocr_carea' id='block_1_1' title="bbox 217 278 1305 316">
    <p class='ocr_par' dir='ltr' id='par_1_1' title="bbox 217 278 1305 316">
     <span class='ocr_line' id='line_1_1' title="bbox 217 278 1305 316; baseline 0.002 -8"><span class='ocrx_word' id='word_1_1' title='bbox 217 278 278 316; x_wconf 83' lang='lat'>164</span> <span class='ocrx_word' id='word_1_2' title='bbox 413 284 578 309; x_wconf 66' lang='lat' dir='ltr'>RECORDS</span> <span class='ocrx_word' id='word_1_3' title='bbox 602 284 647 307; x_wconf 73' lang='lat'>01⁷</span> <span class='ocrx_word' id='word_1_4' title='bbox 671 284 746 308; x_wconf 78' lang='lat' dir='ltr'>TIIF,</span> <span class='ocrx_word' id='word_1_5' title='bbox 772 285 947 309; x_wconf 66' lang='lat' dir='ltr'>ROROFGH</span> <span class='ocrx_word' id='word_1_6' title='bbox 973 286 1018 309; x_wconf 79' lang='lat' dir='ltr'>OF</span> <span class='ocrx_word' id='word_1_7' title='bbox 1045 286 1305 310; x_wconf 65' lang='lat' dir='ltr'>NOTTINGIIAM.</span> 
     </span>
    </p>
   </div>
   <div class='ocr_carea' id='block_1_2' title="bbox 213 377 1175 2538">
    <p class='ocr_par' dir='ltr' id='par_1_2' title="bbox 213 377 1155 1756">
     <span class='ocr_line' id='line_1_2' title="bbox 215 377 1152 418; baseline 0.002 -10"><span class='ocrx_word' id='word_1_8' title='bbox 215 378 266 408; x_wconf 93' lang='grc'>130</span> <span class='ocrx_word' id='word_1_9' title='bbox 286 378 430 417; x_wconf 79' lang='lat' dir='ltr'>Hugone</span> <span class='ocrx_word' id='word_1_10' title='bbox 447 377 575 417; x_wconf 64' lang='lat' dir='ltr'>XVoley,</span> <span class='ocrx_word' id='word_1_11' title='bbox 593 377 754 414; x_wconf 81' lang='lat' dir='ltr'>servienti,</span> <span class='ocrx_word' id='word_1_12' title='bbox 772 388 831 417; x_wconf 87' lang='lat' dir='ltr'>pro</span> <span class='ocrx_word' id='word_1_13' title='bbox 847 378 1019 418; x_wconf 85' lang='lat' dir='ltr'>stipendiis</span> <span class='ocrx_word' id='word_1_14' title='bbox 1036 380 1101 410; x_wconf 85' lang='lat' dir='ltr'>suis</span> <span class='ocrx_word' id='word_1_15' title='bbox 1148 405 1152 410; x_wconf 93' lang='lat'>.</span> 
     </span>
     <span class='ocr_line' id='line_1_3' title="bbox 215 433 1154 474; baseline 0.001 -10"><span class='ocrx_word' id='word_1_16' title='bbox 215 434 267 464; x_wconf 99' lang='grc'>130</span> <span class='ocrx_word' id='word_1_17' title='bbox 285 434 432 464; x_wconf 87' lang='lat' dir='ltr'>Roberto</span> <span class='ocrx_word' id='word_1_18' title='bbox 450 434 584 469; x_wconf 78' lang='lat' dir='ltr'>Samon,</span> <span class='ocrx_word' id='word_1_19' title='bbox 601 433 762 469; x_wconf 74' lang='lat' dir='ltr'>servienti,</span> <span class='ocrx_word' id='word_1_20' title='bbox 780 443 839 473; x_wconf 81' lang='lat' dir='ltr'>pro</span> <span class='ocrx_word' id='word_1_21' title='bbox 855 434 1027 474; x_wconf 79' lang='lat' dir='ltr'>stipendiis</span> <span class='ocrx_word' id='word_1_22' title='bbox 1044 436 1108 465; x_wconf 79' lang='lat' dir='ltr'>suis</span> <span class='ocrx_word' id='word_1_23' title='bbox 1150 461 1154 465; x_wconf 93' lang='lat'>.</span> 
     </span>
     <span class='ocr_line' id='line_1_4' title="bbox 214 489 967 529; baseline -0.001 -9"><span class='ocrx_word' id='word_1_24' title='bbox 214 490 266 520; x_wconf 89' lang='grc'>130</span> <span class='ocrx_word' id='word_1_25' title='bbox 284 489 431 520; x_wconf 86' lang='lat' dir='ltr'>Roberto</span> <span class='ocrx_word' id='word_1_26' title='bbox 449 489 615 520; x_wconf 80' lang='lat' dir='ltr'>Stabulles</span> <span class='ocrx_word' id='word_1_27' title='bbox 633 499 691 529; x_wconf 84' lang='lat' dir='ltr'>pro</span> <span class='ocrx_word' id='word_1_28' title='bbox 709 489 884 519; x_wconf 83' lang='lat' dir='ltr'>mobilibus</span> <span class='ocrx_word' id='word_1_29' title='bbox 901 490 967 520; x_wconf 78' lang='lat' dir='ltr'>suis</span> 
     </span>
     <span class='ocr_line' id='line_1_5' title="bbox 215 545 958 585; baseline 0 -10"><span class='ocrx_word' id='word_1_30' title='bbox 215 546 265 575; x_wconf 87' lang='lat' dir='ltr'>Dc</span> <span class='ocrx_word' id='word_1_31' title='bbox 282 545 450 575; x_wconf 82' lang='lat' dir='ltr'>Willelmo</span> <span class='ocrx_word' id='word_1_32' title='bbox 467 545 606 575; x_wconf 62' lang='lat' dir='ltr'>XVarner</span> <span class='ocrx_word' id='word_1_33' title='bbox 624 555 682 585; x_wconf 80' lang='lat' dir='ltr'>pro</span> <span class='ocrx_word' id='word_1_34' title='bbox 700 545 875 575; x_wconf 84' lang='lat' dir='ltr'>mobilibus</span> <span class='ocrx_word' id='word_1_35' title='bbox 892 545 958 576; x_wconf 80' lang='lat' dir='ltr'>suis</span> 
     </span>
     <span class='ocr_line' id='line_1_6' title="bbox 214 600 1155 642; baseline 0 -10"><span class='ocrx_word' id='word_1_36' title='bbox 214 602 265 632; x_wconf 93' lang='lat' dir='ltr'>De</span> <span class='ocrx_word' id='word_1_37' title='bbox 280 601 433 641; x_wconf 72' lang='lat' dir='ltr'>Jolianne</span> <span class='ocrx_word' id='word_1_38' title='bbox 451 600 629 640; x_wconf 80' lang='lat' dir='ltr'>Colynson,</span> <span class='ocrx_word' id='word_1_39' title='bbox 647 601 808 637; x_wconf 74' lang='lat' dir='ltr'><strong>servienti,</strong></span> <span class='ocrx_word' id='word_1_40' title='bbox 826 611 885 641; x_wconf 87' lang='lat' dir='ltr'>pro</span> <span class='ocrx_word' id='word_1_41' title='bbox 901 601 1072 642; x_wconf 88' lang='lat' dir='ltr'>stipendiis</span> <span class='ocrx_word' id='word_1_42' title='bbox 1088 602 1155 632; x_wconf 91' lang='lat' dir='ltr'>suis</span> 
     </span>
     <span class='ocr_line' id='line_1_7' title="bbox 214 656 1153 697; baseline 0.001 -10"><span class='ocrx_word' id='word_1_43' title='bbox 214 657 265 687; x_wconf 92' lang='grc'>130</span> <span class='ocrx_word' id='word_1_44' title='bbox 281 657 433 696; x_wconf 73' lang='lat' dir='ltr'>johanne</span> <span class='ocrx_word' id='word_1_45' title='bbox 450 656 568 693; x_wconf 85' lang='lat' dir='ltr'>Alcok,</span> <span class='ocrx_word' id='word_1_46' title='bbox 585 657 746 693; x_wconf 78' lang='lat' dir='ltr'>servienti,</span> <span class='ocrx_word' id='word_1_47' title='bbox 765 667 823 696; x_wconf 87' lang='lat' dir='ltr'>pro</span> <span class='ocrx_word' id='word_1_48' title='bbox 840 657 1011 697; x_wconf 86' lang='lat' dir='ltr'>stipendiis</span> <span class='ocrx_word' id='word_1_49' title='bbox 1028 658 1094 688; x_wconf 83' lang='lat' dir='ltr'>suis</span> <span class='ocrx_word' id='word_1_50' title='bbox 1148 683 1153 688; x_wconf 95' lang='lat'>.</span> 
     </span>
     <span class='ocr_line' id='line_1_8' title="bbox 213 712 964 752; baseline 0 -10"><span class='ocrx_word' id='word_1_51' title='bbox 213 713 265 742; x_wconf 86' lang='lat' dir='ltr'>De</span> <span class='ocrx_word' id='word_1_52' title='bbox 281 712 408 752; x_wconf 81' lang='lat' dir='ltr'>Jacobo</span> <span class='ocrx_word' id='word_1_53' title='bbox 426 712 554 752; x_wconf 84' lang='lat' dir='ltr'>Byrche</span> <span class='ocrx_word' id='word_1_54' title='bbox 570 722 629 752; x_wconf 86' lang='lat' dir='ltr'>pro</span> <span class='ocrx_word' id='word_1_55' title='bbox 647 712 822 742; x_wconf 73' lang='lat' dir='ltr'>mobilibus</span> <span class='ocrx_word' id='word_1_56' title='bbox 840 713 905 743; x_wconf 92' lang='lat' dir='ltr'>suis</span> <span class='ocrx_word' id='word_1_57' title='bbox 960 738 964 742; x_wconf 90' lang='lat'><em>.</em></span> 
     </span>
     <span class='ocr_line' id='line_1_9' title="bbox 214 767 964 808; baseline -0.001 -9"><span class='ocrx_word' id='word_1_58' title='bbox 214 769 265 799; x_wconf 92' lang='lat' dir='ltr'>De</span> <span class='ocrx_word' id='word_1_59' title='bbox 281 768 434 808; x_wconf 87' lang='lat' dir='ltr'>Johanne</span> <span class='ocrx_word' id='word_1_60' title='bbox 451 768 557 807; x_wconf 89' lang='lat' dir='ltr'>Mody</span> <span class='ocrx_word' id='word_1_61' title='bbox 575 778 633 807; x_wconf 91' lang='lat' dir='ltr'>pro</span> <span class='ocrx_word' id='word_1_62' title='bbox 652 767 827 798; x_wconf 84' lang='lat' dir='ltr'>mobilibus</span> <span class='ocrx_word' id='word_1_63' title='bbox 844 768 910 798; x_wconf 89' lang='lat' dir='ltr'>suis</span> <span class='ocrx_word' id='word_1_64' title='bbox 960 794 964 798; x_wconf 82' lang='grc'><strong>.</strong></span> 
     </span>
     <span class='ocr_line' id='line_1_10' title="bbox 214 823 964 863; baseline -0.001 -9"><span class='ocrx_word' id='word_1_65' title='bbox 214 824 266 854; x_wconf 87' lang='grc'>130</span> <span class='ocrx_word' id='word_1_66' title='bbox 285 824 431 854; x_wconf 88' lang='lat' dir='ltr'>Henrico</span> <span class='ocrx_word' id='word_1_67' title='bbox 448 823 556 854; x_wconf 87' lang='lat' dir='ltr'>Grene</span> <span class='ocrx_word' id='word_1_68' title='bbox 572 834 632 863; x_wconf 91' lang='lat' dir='ltr'>pro</span> <span class='ocrx_word' id='word_1_69' title='bbox 649 823 824 854; x_wconf 79' lang='lat' dir='ltr'>mobilibus</span> <span class='ocrx_word' id='word_1_70' title='bbox 841 824 907 854; x_wconf 87' lang='lat' dir='ltr'>suis</span> <span class='ocrx_word' id='word_1_71' title='bbox 960 850 964 854; x_wconf 91' lang='lat'>.</span> 
     </span>
     <span class='ocr_line' id='line_1_11' title="bbox 215 879 964 919; baseline -0.001 -9"><span class='ocrx_word' id='word_1_72' title='bbox 215 880 266 910; x_wconf 84' lang='lat' dir='ltr'>Dc</span> <span class='ocrx_word' id='word_1_73' title='bbox 284 880 431 910; x_wconf 86' lang='lat' dir='ltr'>Roberto</span> <span class='ocrx_word' id='word_1_74' title='bbox 450 879 570 910; x_wconf 81' lang='lat' dir='ltr'>Lovett</span> <span class='ocrx_word' id='word_1_75' title='bbox 587 889 646 919; x_wconf 86' lang='lat' dir='ltr'>pro</span> <span class='ocrx_word' id='word_1_76' title='bbox 664 879 839 909; x_wconf 86' lang='lat' dir='ltr'>mobilibus</span> <span class='ocrx_word' id='word_1_77' title='bbox 856 879 922 910; x_wconf 84' lang='lat' dir='ltr'>suis</span> <span class='ocrx_word' id='word_1_78' title='bbox 959 905 964 909; x_wconf 90' lang='lat'>.</span> 
     </span>
     <span class='ocr_line' id='line_1_12' title="bbox 214 935 964 975; baseline -0.001 -9"><span class='ocrx_word' id='word_1_79' title='bbox 214 936 265 966; x_wconf 92' lang='grc'>130</span> <span class='ocrx_word' id='word_1_80' title='bbox 283 936 415 966; x_wconf 78' lang='lat' dir='ltr'>&#39;fhoma</span> <span class='ocrx_word' id='word_1_81' title='bbox 432 935 590 967; x_wconf 84' lang='lat' dir='ltr'>Sherwod</span> <span class='ocrx_word' id='word_1_82' title='bbox 608 945 667 975; x_wconf 83' lang='lat' dir='ltr'>pro</span> <span class='ocrx_word' id='word_1_83' title='bbox 685 935 860 965; x_wconf 89' lang='lat' dir='ltr'>mobilibus</span> <span class='ocrx_word' id='word_1_84' title='bbox 877 935 943 966; x_wconf 77' lang='lat' dir='ltr'>suis</span> <span class='ocrx_word' id='word_1_85' title='bbox 959 961 964 965; x_wconf 93' lang='lat'>.</span> 
     </span>
     <span class='ocr_line' id='line_1_13' title="bbox 216 990 965 1031; baseline 0 -9"><span class='ocrx_word' id='word_1_86' title='bbox 216 992 267 1022; x_wconf 88' lang='lat' dir='ltr'>De</span> <span class='ocrx_word' id='word_1_87' title='bbox 284 991 451 1022; x_wconf 85' lang='lat' dir='ltr'>Willelmo</span> <span class='ocrx_word' id='word_1_88' title='bbox 469 991 597 1031; x_wconf 86' lang='lat' dir='ltr'>Sponer</span> <span class='ocrx_word' id='word_1_89' title='bbox 614 1001 673 1031; x_wconf 89' lang='lat' dir='ltr'>pro</span> <span class='ocrx_word' id='word_1_90' title='bbox 691 990 866 1021; x_wconf 87' lang='lat' dir='ltr'>mobilibus</span> <span class='ocrx_word' id='word_1_91' title='bbox 883 992 965 1022; x_wconf 90' lang='lat' dir='ltr'>suis.</span> 
     </span>
     <span class='ocr_line' id='line_1_14' title="bbox 215 1046 952 1087; baseline -0.001 -9"><span class='ocrx_word' id='word_1_92' title='bbox 215 1048 267 1078; x_wconf 89' lang='grc'>130</span> <span class='ocrx_word' id='word_1_93' title='bbox 284 1047 416 1078; x_wconf 83' lang='lat' dir='ltr'>Thoma</span> <span class='ocrx_word' id='word_1_94' title='bbox 432 1047 601 1087; x_wconf 79' lang='lat' dir='ltr'>Baynbrig</span> <span class='ocrx_word' id='word_1_95' title='bbox 617 1057 676 1086; x_wconf 86' lang='lat' dir='ltr'>pro</span> <span class='ocrx_word' id='word_1_96' title='bbox 693 1046 869 1077; x_wconf 84' lang='lat' dir='ltr'>mobilibus</span> <span class='ocrx_word' id='word_1_97' title='bbox 886 1047 952 1077; x_wconf 87' lang='lat' dir='ltr'>suis</span> 
     </span>
     <span class='ocr_line' id='line_1_15' title="bbox 216 1102 965 1143; baseline -0.001 -10"><span class='ocrx_word' id='word_1_98' title='bbox 216 1104 268 1134; x_wconf 90' lang='lat' dir='ltr'>De</span> <span class='ocrx_word' id='word_1_99' title='bbox 283 1103 436 1143; x_wconf 82' lang='lat' dir='ltr'>Johanne</span> <span class='ocrx_word' id='word_1_100' title='bbox 454 1102 547 1134; x_wconf 83' lang='lat' dir='ltr'>Cook</span> <span class='ocrx_word' id='word_1_101' title='bbox 565 1112 624 1142; x_wconf 86' lang='lat' dir='ltr'>pro</span> <span class='ocrx_word' id='word_1_102' title='bbox 642 1102 818 1133; x_wconf 79' lang='lat' dir='ltr'>mobilibus</span> <span class='ocrx_word' id='word_1_103' title='bbox 835 1103 900 1132; x_wconf 89' lang='lat' dir='ltr'>suis</span> <span class='ocrx_word' id='word_1_104' title='bbox 961 1128 965 1133; x_wconf 91' lang='lat'><em>.</em></span> 
     </span>
     <span class='ocr_line' id='line_1_16' title="bbox 214 1150 965 1198; baseline -0.001 -9"><span class='ocrx_word' id='word_1_105' title='bbox 214 1150 265 1189; x_wconf 84' lang='grc'>130</span> <span class='ocrx_word' id='word_1_106' title='bbox 284 1159 427 1189; x_wconf 76' lang='lat' dir='ltr'>Ricardo</span> <span class='ocrx_word' id='word_1_107' title='bbox 447 1159 566 1198; x_wconf 86' lang='lat' dir='ltr'>Lyster</span> <span class='ocrx_word' id='word_1_108' title='bbox 582 1169 641 1198; x_wconf 84' lang='lat' dir='ltr'>pro</span> <span class='ocrx_word' id='word_1_109' title='bbox 659 1158 835 1189; x_wconf 90' lang='lat' dir='ltr'>mobilibus</span> <span class='ocrx_word' id='word_1_110' title='bbox 852 1159 918 1188; x_wconf 82' lang='lat' dir='ltr'>suis</span> <span class='ocrx_word' id='word_1_111' title='bbox 960 1184 965 1189; x_wconf 85' lang='lat'><strong><em>.</em></strong></span> 
     </span>
     <span class='ocr_line' id='line_1_17' title="bbox 217 1214 1154 1255; baseline 0.001 -10"><span class='ocrx_word' id='word_1_112' title='bbox 217 1215 268 1245; x_wconf 88' lang='lat' dir='ltr'>De</span> <span class='ocrx_word' id='word_1_113' title='bbox 284 1215 437 1255; x_wconf 82' lang='lat' dir='ltr'>Johanne</span> <span class='ocrx_word' id='word_1_114' title='bbox 453 1214 587 1254; x_wconf 81' lang='lat' dir='ltr'>Jakson,</span> <span class='ocrx_word' id='word_1_115' title='bbox 604 1214 765 1251; x_wconf 84' lang='lat' dir='ltr'>servienti,</span> <span class='ocrx_word' id='word_1_116' title='bbox 783 1224 841 1254; x_wconf 85' lang='lat' dir='ltr'>pro</span> <span class='ocrx_word' id='word_1_117' title='bbox 858 1214 1029 1254; x_wconf 85' lang='lat' dir='ltr'>stipendiis</span> <span class='ocrx_word' id='word_1_118' title='bbox 1046 1216 1111 1246; x_wconf 92' lang='lat' dir='ltr'>suis</span> <span class='ocrx_word' id='word_1_119' title='bbox 1151 1241 1154 1246; x_wconf 93' lang='lat'>.</span> 
     </span>
     <span class='ocr_line' id='line_1_18' title="bbox 216 1270 1155 1311; baseline 0 -10"><span class='ocrx_word' id='word_1_120' title='bbox 216 1271 267 1301; x_wconf 92' lang='lat' dir='ltr'>De</span> <span class='ocrx_word' id='word_1_121' title='bbox 283 1271 417 1311; x_wconf 81' lang='lat' dir='ltr'>Agnete</span> <span class='ocrx_word' id='word_1_122' title='bbox 437 1271 617 1310; x_wconf 81' lang='lat' dir='ltr'>Harryson,</span> <span class='ocrx_word' id='word_1_123' title='bbox 634 1270 740 1306; x_wconf 82' lang='lat' dir='ltr'>vidua,</span> <span class='ocrx_word' id='word_1_124' title='bbox 759 1280 818 1309; x_wconf 89' lang='lat' dir='ltr'>pro</span> <span class='ocrx_word' id='word_1_125' title='bbox 836 1270 1010 1301; x_wconf 85' lang='lat' dir='ltr'>mobilibus</span> <span class='ocrx_word' id='word_1_126' title='bbox 1028 1271 1093 1301; x_wconf 87' lang='lat' dir='ltr'>suis</span> <span class='ocrx_word' id='word_1_127' title='bbox 1150 1297 1155 1301; x_wconf 93' lang='lat'>.</span> 
     </span>
     <span class='ocr_line' id='line_1_19' title="bbox 214 1325 1152 1366; baseline 0 -9"><span class='ocrx_word' id='word_1_128' title='bbox 214 1328 266 1357; x_wconf 87' lang='lat' dir='ltr'>De</span> <span class='ocrx_word' id='word_1_129' title='bbox 285 1327 432 1357; x_wconf 86' lang='lat' dir='ltr'>Roberto</span> <span class='ocrx_word' id='word_1_130' title='bbox 448 1325 586 1362; x_wconf 84' lang='lat' dir='ltr'>Altofte,</span> <span class='ocrx_word' id='word_1_131' title='bbox 604 1326 764 1361; x_wconf 83' lang='lat' dir='ltr'>servienti,</span> <span class='ocrx_word' id='word_1_132' title='bbox 782 1336 841 1365; x_wconf 92' lang='lat' dir='ltr'>pro</span> <span class='ocrx_word' id='word_1_133' title='bbox 857 1326 1028 1366; x_wconf 87' lang='lat' dir='ltr'>stipendiis</span> <span class='ocrx_word' id='word_1_134' title='bbox 1045 1327 1111 1357; x_wconf 84' lang='lat' dir='ltr'>suis</span> <span class='ocrx_word' id='word_1_135' title='bbox 1148 1352 1152 1357; x_wconf 84' lang='lat'><strong>.</strong></span> 
     </span>
     <span class='ocr_line' id='line_1_20' title="bbox 215 1381 955 1421; baseline -0.003 -8"><span class='ocrx_word' id='word_1_136' title='bbox 215 1383 266 1413; x_wconf 93' lang='grc'>130</span> <span class='ocrx_word' id='word_1_137' title='bbox 283 1382 452 1413; x_wconf 90' lang='lat' dir='ltr'>Willelmo</span> <span class='ocrx_word' id='word_1_138' title='bbox 472 1382 602 1412; x_wconf 86' lang='lat' dir='ltr'>Horton</span> <span class='ocrx_word' id='word_1_139' title='bbox 620 1391 679 1421; x_wconf 88' lang='lat' dir='ltr'>pro</span> <span class='ocrx_word' id='word_1_140' title='bbox 697 1381 872 1411; x_wconf 90' lang='lat' dir='ltr'>mobilibus</span> <span class='ocrx_word' id='word_1_141' title='bbox 889 1382 955 1412; x_wconf 82' lang='lat' dir='ltr'>suis</span> 
     </span>
     <span class='ocr_line' id='line_1_21' title="bbox 215 1436 982 1476; baseline -0.001 -8"><span class='ocrx_word' id='word_1_142' title='bbox 215 1439 267 1469; x_wconf 88' lang='lat' dir='ltr'>De</span> <span class='ocrx_word' id='word_1_143' title='bbox 285 1437 464 1468; x_wconf 82' lang='lat' dir='ltr'>Laurentio</span> <span class='ocrx_word' id='word_1_144' title='bbox 482 1438 630 1476; x_wconf 82' lang='lat' dir='ltr'>Maryott</span> <span class='ocrx_word' id='word_1_145' title='bbox 648 1447 706 1476; x_wconf 89' lang='lat' dir='ltr'>pro</span> <span class='ocrx_word' id='word_1_146' title='bbox 724 1436 899 1467; x_wconf 90' lang='lat' dir='ltr'>mobilibus</span> <span class='ocrx_word' id='word_1_147' title='bbox 916 1437 982 1468; x_wconf 90' lang='lat' dir='ltr'>suis</span> 
     </span>
     <span class='ocr_line' id='line_1_22' title="bbox 216 1492 984 1534; baseline -0.003 -10"><span class='ocrx_word' id='word_1_148' title='bbox 216 1494 266 1524; x_wconf 88' lang='lat' dir='ltr'>De</span> <span class='ocrx_word' id='word_1_149' title='bbox 282 1493 434 1534; x_wconf 88' lang='lat' dir='ltr'>Johanne</span> <span class='ocrx_word' id='word_1_150' title='bbox 452 1492 633 1524; x_wconf 83' lang='lat' dir='ltr'>Chambers</span> <span class='ocrx_word' id='word_1_151' title='bbox 651 1502 709 1532; x_wconf 88' lang='lat' dir='ltr'>pro</span> <span class='ocrx_word' id='word_1_152' title='bbox 727 1492 903 1523; x_wconf 85' lang='lat' dir='ltr'>mobilibus</span> <span class='ocrx_word' id='word_1_153' title='bbox 919 1494 984 1523; x_wconf 86' lang='lat' dir='ltr'>suis</span> 
     </span>
     <span class='ocr_line' id='line_1_23' title="bbox 216 1548 962 1588; baseline -0.001 -8"><span class='ocrx_word' id='word_1_154' title='bbox 216 1550 267 1580; x_wconf 94' lang='grc'>130</span> <span class='ocrx_word' id='word_1_155' title='bbox 284 1549 451 1580; x_wconf 86' lang='lat' dir='ltr'>Willelmo</span> <span class='ocrx_word' id='word_1_156' title='bbox 466 1548 592 1588; x_wconf 82' lang='lat' dir='ltr'>Jakson</span> <span class='ocrx_word' id='word_1_157' title='bbox 610 1558 669 1588; x_wconf 87' lang='lat' dir='ltr'>pro</span> <span class='ocrx_word' id='word_1_158' title='bbox 686 1548 862 1578; x_wconf 89' lang='lat' dir='ltr'>mobilibus</span> <span class='ocrx_word' id='word_1_159' title='bbox 879 1549 962 1579; x_wconf 87' lang='lat' dir='ltr'>suis.</span> 
     </span>
     <span class='ocr_line' id='line_1_24' title="bbox 215 1603 966 1644; baseline -0.001 -8"><span class='ocrx_word' id='word_1_160' title='bbox 215 1606 266 1636; x_wconf 84' lang='lat' dir='ltr'>De</span> <span class='ocrx_word' id='word_1_161' title='bbox 286 1606 417 1644; x_wconf 77' lang='lat' dir='ltr'>Rogero</span> <span class='ocrx_word' id='word_1_162' title='bbox 434 1605 586 1635; x_wconf 86' lang='lat' dir='ltr'>Gromett</span> <span class='ocrx_word' id='word_1_163' title='bbox 604 1614 662 1643; x_wconf 90' lang='lat' dir='ltr'>pro</span> <span class='ocrx_word' id='word_1_164' title='bbox 680 1603 855 1634; x_wconf 87' lang='lat' dir='ltr'>mobilibus</span> <span class='ocrx_word' id='word_1_165' title='bbox 872 1605 937 1635; x_wconf 84' lang='lat' dir='ltr'>suis</span> <span class='ocrx_word' id='word_1_166' title='bbox 961 1630 966 1634; x_wconf 95' lang='lat'>.</span> 
     </span>
     <span class='ocr_line' id='line_1_25' title="bbox 216 1659 965 1700; baseline -0.001 -9"><span class='ocrx_word' id='word_1_167' title='bbox 216 1661 267 1691; x_wconf 85' lang='lat' dir='ltr'>De</span> <span class='ocrx_word' id='word_1_168' title='bbox 286 1661 418 1691; x_wconf 80' lang='lat' dir='ltr'>Bertino</span> <span class='ocrx_word' id='word_1_169' title='bbox 438 1660 577 1699; x_wconf 84' lang='lat' dir='ltr'>Felding</span> <span class='ocrx_word' id='word_1_170' title='bbox 593 1670 652 1700; x_wconf 88' lang='lat' dir='ltr'>pro</span> <span class='ocrx_word' id='word_1_171' title='bbox 670 1659 845 1690; x_wconf 85' lang='lat' dir='ltr'>mobilibus</span> <span class='ocrx_word' id='word_1_172' title='bbox 862 1661 927 1690; x_wconf 77' lang='lat' dir='ltr'>suis</span> <span class='ocrx_word' id='word_1_173' title='bbox 961 1686 965 1690; x_wconf 95' lang='lat'>.</span> 
     </span>
     <span class='ocr_line' id='line_1_26' title="bbox 219 1716 964 1756; baseline -0.003 -8"><span class='ocrx_word' id='word_1_174' title='bbox 219 1718 268 1748; x_wconf 87' lang='grc'>130</span> <span class='ocrx_word' id='word_1_175' title='bbox 287 1718 418 1756; x_wconf 74' lang='lat' dir='ltr'>Rogcro</span> <span class='ocrx_word' id='word_1_176' title='bbox 436 1716 546 1756; x_wconf 88' lang='lat' dir='ltr'>Corby</span> <span class='ocrx_word' id='word_1_177' title='bbox 564 1726 622 1756; x_wconf 87' lang='lat' dir='ltr'>pro</span> <span class='ocrx_word' id='word_1_178' title='bbox 640 1716 814 1746; x_wconf 83' lang='lat' dir='ltr'>mobilibus</span> <span class='ocrx_word' id='word_1_179' title='bbox 832 1717 897 1746; x_wconf 81' lang='lat' dir='ltr'>suis</span> <span class='ocrx_word' id='word_1_180' title='bbox 959 1742 964 1746; x_wconf 93' lang='lat'>.</span> 
     </span>
    </p>

    <p class='ocr_par' dir='ltr' id='par_1_3' title="bbox 280 1771 633 1811">
     <span class='ocr_line' id='line_1_27' title="bbox 280 1771 633 1811; baseline -0.008 -7"><span class='ocrx_word' id='word_1_181' title='bbox 280 1774 433 1805; x_wconf 81' lang='lat' dir='ltr'>Summa:</span> <span class='ocrx_word' id='word_1_182' title='bbox 458 1772 555 1802; x_wconf 69' lang='lat' dir='ltr'>xlixs</span> <span class='ocrx_word' id='word_1_183' title='bbox 570 1771 633 1811; x_wconf 82' lang='lat' dir='ltr'>vjd.</span> 
     </span>
    </p>

    <p class='ocr_par' dir='ltr' id='par_1_4' title="bbox 687 1832 1032 1857">
     <span class='ocr_line' id='line_1_28' title="bbox 687 1832 1032 1857; baseline 0.003 -2"><span class='ocrx_word' id='word_1_184' title='bbox 687 1832 1032 1857; x_wconf 75' lang='lat' dir='ltr'>GRETSMYTHGATE.</span> 
     </span>
    </p>

    <p class='ocr_par' dir='ltr' id='par_1_5' title="bbox 215 1879 1175 2479">
     <span class='ocr_line' id='line_1_29' title="bbox 215 1879 1058 1919; baseline 0.001 -9"><span class='ocrx_word' id='word_1_185' title='bbox 215 1882 267 1912; x_wconf 83' lang='lat' dir='ltr'>Dc</span> <span class='ocrx_word' id='word_1_186' title='bbox 285 1881 400 1913; x_wconf 79' lang='lat' dir='ltr'>Sibilla</span> <span class='ocrx_word' id='word_1_187' title='bbox 418 1880 544 1916; x_wconf 82' lang='lat' dir='ltr'>Stoute,</span> <span class='ocrx_word' id='word_1_188' title='bbox 561 1879 667 1915; x_wconf 81' lang='lat' dir='ltr'>vidua,</span> <span class='ocrx_word' id='word_1_189' title='bbox 685 1889 744 1919; x_wconf 89' lang='lat' dir='ltr'>pro</span> <span class='ocrx_word' id='word_1_190' title='bbox 761 1880 937 1910; x_wconf 88' lang='lat' dir='ltr'>mobilibus</span> <span class='ocrx_word' id='word_1_191' title='bbox 954 1881 1020 1911; x_wconf 88' lang='lat' dir='ltr'>suis</span> <span class='ocrx_word' id='word_1_192' title='bbox 1054 1906 1058 1911; x_wconf 88' lang='lat'>.</span> 
     </span>
     <span class='ocr_line' id='line_1_30' title="bbox 216 1935 1059 1975; baseline -0.002 -7"><span class='ocrx_word' id='word_1_193' title='bbox 216 1938 267 1968; x_wconf 88' lang='lat' dir='ltr'>De</span> <span class='ocrx_word' id='word_1_194' title='bbox 284 1936 451 1967; x_wconf 76' lang='lat' dir='ltr'>W&#39;illelmo</span> <span class='ocrx_word' id='word_1_195' title='bbox 469 1935 644 1967; x_wconf 85' lang='lat' dir='ltr'>Stanbank</span> <span class='ocrx_word' id='word_1_196' title='bbox 662 1945 720 1975; x_wconf 91' lang='lat' dir='ltr'>pro</span> <span class='ocrx_word' id='word_1_197' title='bbox 738 1935 913 1966; x_wconf 87' lang='lat' dir='ltr'>mobilibus</span> <span class='ocrx_word' id='word_1_198' title='bbox 930 1937 995 1966; x_wconf 84' lang='lat' dir='ltr'>suis</span> <span class='ocrx_word' id='word_1_199' title='bbox 1055 1962 1059 1966; x_wconf 94' lang='lat'>.</span> 
     </span>
     <span class='ocr_line' id='line_1_31' title="bbox 218 1991 967 2032; baseline -0.001 -9"><span class='ocrx_word' id='word_1_200' title='bbox 218 1994 268 2023; x_wconf 88' lang='lat' dir='ltr'>De</span> <span class='ocrx_word' id='word_1_201' title='bbox 284 1992 437 2032; x_wconf 86' lang='lat' dir='ltr'>Johanne</span> <span class='ocrx_word' id='word_1_202' title='bbox 455 1991 600 2031; x_wconf 80' lang='lat' dir='ltr'>Bagaley</span> <span class='ocrx_word' id='word_1_203' title='bbox 617 2001 676 2031; x_wconf 85' lang='lat' dir='ltr'>pro</span> <span class='ocrx_word' id='word_1_204' title='bbox 694 1991 869 2022; x_wconf 83' lang='lat' dir='ltr'>mobilibus</span> <span class='ocrx_word' id='word_1_205' title='bbox 885 1992 967 2022; x_wconf 83' lang='lat' dir='ltr'>suis.</span> 
     </span>
     <span class='ocr_line' id='line_1_32' title="bbox 217 2047 966 2087; baseline -0.001 -8"><span class='ocrx_word' id='word_1_206' title='bbox 217 2050 267 2079; x_wconf 86' lang='lat' dir='ltr'>De</span> <span class='ocrx_word' id='word_1_207' title='bbox 286 2049 432 2080; x_wconf 86' lang='lat' dir='ltr'>Roberto</span> <span class='ocrx_word' id='word_1_208' title='bbox 451 2047 596 2079; x_wconf 82' lang='lat' dir='ltr'>Stafsord</span> <span class='ocrx_word' id='word_1_209' title='bbox 614 2057 673 2087; x_wconf 89' lang='lat' dir='ltr'>pro</span> <span class='ocrx_word' id='word_1_210' title='bbox 691 2047 866 2078; x_wconf 89' lang='lat' dir='ltr'>mobilibus</span> <span class='ocrx_word' id='word_1_211' title='bbox 882 2048 966 2078; x_wconf 87' lang='lat' dir='ltr'>suis.</span> 
     </span>
     <span class='ocr_line' id='line_1_33' title="bbox 217 2103 974 2143; baseline -0.004 -7"><span class='ocrx_word' id='word_1_212' title='bbox 217 2106 267 2136; x_wconf 86' lang='lat' dir='ltr'>De</span> <span class='ocrx_word' id='word_1_213' title='bbox 286 2105 432 2136; x_wconf 82' lang='lat' dir='ltr'>Roberto</span> <span class='ocrx_word' id='word_1_214' title='bbox 452 2104 622 2143; x_wconf 86' lang='lat' dir='ltr'>Harryson</span> <span class='ocrx_word' id='word_1_215' title='bbox 641 2113 699 2143; x_wconf 88' lang='lat' dir='ltr'>pro</span> <span class='ocrx_word' id='word_1_216' title='bbox 717 2103 892 2134; x_wconf 89' lang='lat' dir='ltr'>mobilibus</span> <span class='ocrx_word' id='word_1_217' title='bbox 909 2104 974 2134; x_wconf 85' lang='lat' dir='ltr'>suis</span> 
     </span>
     <span class='ocr_line' id='line_1_34' title="bbox 217 2158 1175 2200; baseline -0.002 -9"><span class='ocrx_word' id='word_1_218' title='bbox 217 2162 267 2191; x_wconf 89' lang='lat' dir='ltr'>De</span> <span class='ocrx_word' id='word_1_219' title='bbox 283 2159 451 2190; x_wconf 76' lang='lat' dir='ltr'>Willelmo</span> <span class='ocrx_word' id='word_1_220' title='bbox 470 2158 622 2195; x_wconf 85' lang='lat' dir='ltr'>Fawbcll,</span> <span class='ocrx_word' id='word_1_221' title='bbox 639 2159 800 2195; x_wconf 83' lang='lat' dir='ltr'>servienti,</span> <span class='ocrx_word' id='word_1_222' title='bbox 818 2169 876 2199; x_wconf 92' lang='lat' dir='ltr'>pro</span> <span class='ocrx_word' id='word_1_223' title='bbox 893 2160 1064 2199; x_wconf 86' lang='lat' dir='ltr'>stipendiis</span> <span class='ocrx_word' id='word_1_224' title='bbox 1082 2159 1175 2200; x_wconf 81' lang='lat' dir='ltr'>[suis]</span> 
     </span>
     <span class='ocr_line' id='line_1_35' title="bbox 217 2214 963 2255; baseline -0.003 -8"><span class='ocrx_word' id='word_1_225' title='bbox 217 2217 268 2247; x_wconf 86' lang='lat' dir='ltr'>De</span> <span class='ocrx_word' id='word_1_226' title='bbox 287 2215 465 2246; x_wconf 81' lang='lat' dir='ltr'>Laurentio</span> <span class='ocrx_word' id='word_1_227' title='bbox 484 2214 583 2244; x_wconf 84' lang='lat' dir='ltr'>Elton</span> <span class='ocrx_word' id='word_1_228' title='bbox 601 2224 659 2254; x_wconf 88' lang='lat' dir='ltr'>pro</span> <span class='ocrx_word' id='word_1_229' title='bbox 677 2214 852 2244; x_wconf 89' lang='lat' dir='ltr'>mobilibus</span> <span class='ocrx_word' id='word_1_230' title='bbox 870 2214 963 2255; x_wconf 84' lang='lat' dir='ltr'>[suis]</span> 
     </span>
     <span class='ocr_line' id='line_1_36' title="bbox 217 2269 871 2310; baseline -0.005 -8"><span class='ocrx_word' id='word_1_231' title='bbox 217 2273 267 2302; x_wconf 87' lang='lat' dir='ltr'>Dc</span> <span class='ocrx_word' id='word_1_232' title='bbox 285 2272 416 2302; x_wconf 82' lang='lat' dir='ltr'>Thoma</span> <span class='ocrx_word' id='word_1_233' title='bbox 434 2271 500 2310; x_wconf 86' lang='lat' dir='ltr'>Pye</span> <span class='ocrx_word' id='word_1_234' title='bbox 518 2280 575 2310; x_wconf 88' lang='lat' dir='ltr'>pro</span> <span class='ocrx_word' id='word_1_235' title='bbox 593 2269 768 2300; x_wconf 89' lang='lat' dir='ltr'>mobilibus</span> <span class='ocrx_word' id='word_1_236' title='bbox 785 2271 850 2300; x_wconf 84' lang='lat' dir='ltr'>suis</span> <span class='ocrx_word' id='word_1_237' title='bbox 866 2295 871 2300; x_wconf 89' lang='lat'><em>.</em></span> 
     </span>
     <span class='ocr_line' id='line_1_37' title="bbox 219 2326 968 2366; baseline -0.003 -8"><span class='ocrx_word' id='word_1_238' title='bbox 219 2329 269 2359; x_wconf 90' lang='grc'>130</span> <span class='ocrx_word' id='word_1_239' title='bbox 289 2327 435 2358; x_wconf 84' lang='lat' dir='ltr'>Roberto</span> <span class='ocrx_word' id='word_1_240' title='bbox 452 2326 618 2358; x_wconf 81' lang='lat' dir='ltr'>Stabulles</span> <span class='ocrx_word' id='word_1_241' title='bbox 635 2336 694 2366; x_wconf 85' lang='lat' dir='ltr'>pro</span> <span class='ocrx_word' id='word_1_242' title='bbox 712 2326 886 2356; x_wconf 90' lang='lat' dir='ltr'>mobilibus</span> <span class='ocrx_word' id='word_1_243' title='bbox 903 2327 968 2357; x_wconf 89' lang='lat' dir='ltr'>suis</span> 
     </span>
     <span class='ocr_line' id='line_1_38' title="bbox 219 2381 966 2422; baseline -0.004 -8"><span class='ocrx_word' id='word_1_244' title='bbox 219 2385 270 2414; x_wconf 86' lang='lat' dir='ltr'>De</span> <span class='ocrx_word' id='word_1_245' title='bbox 287 2383 418 2414; x_wconf 82' lang='lat' dir='ltr'>Thoma</span> <span class='ocrx_word' id='word_1_246' title='bbox 436 2383 570 2413; x_wconf 84' lang='lat' dir='ltr'>Preston</span> <span class='ocrx_word' id='word_1_247' title='bbox 589 2392 648 2422; x_wconf 89' lang='lat' dir='ltr'>pro</span> <span class='ocrx_word' id='word_1_248' title='bbox 665 2381 840 2412; x_wconf 86' lang='lat' dir='ltr'>mobilibus</span> <span class='ocrx_word' id='word_1_249' title='bbox 858 2381 923 2412; x_wconf 88' lang='lat' dir='ltr'>suis</span> <span class='ocrx_word' id='word_1_250' title='bbox 961 2407 966 2412; x_wconf 91' lang='lat'><em>.</em></span> 
     </span>
     <span class='ocr_line' id='line_1_39' title="bbox 219 2439 959 2479; baseline -0.004 -7"><span class='ocrx_word' id='word_1_251' title='bbox 219 2442 270 2472; x_wconf 91' lang='lat' dir='ltr'>De</span> <span class='ocrx_word' id='word_1_252' title='bbox 288 2441 435 2471; x_wconf 85' lang='lat' dir='ltr'>Robcrto</span> <span class='ocrx_word' id='word_1_253' title='bbox 453 2439 609 2470; x_wconf 85' lang='lat' dir='ltr'>Mcllours</span> <span class='ocrx_word' id='word_1_254' title='bbox 626 2449 684 2479; x_wconf 92' lang='lat' dir='ltr'>pro</span> <span class='ocrx_word' id='word_1_255' title='bbox 702 2439 877 2470; x_wconf 88' lang='lat' dir='ltr'>mobilibus</span> <span class='ocrx_word' id='word_1_256' title='bbox 893 2439 959 2470; x_wconf 85' lang='lat' dir='ltr'>suis</span> 
     </span>
    </p>

    <p class='ocr_par' dir='ltr' id='par_1_6' title="bbox 282 2494 711 2538">
     <span class='ocr_line' id='line_1_40' title="bbox 282 2494 711 2538; baseline -0.009 -10"><span class='ocrx_word' id='word_1_257' title='bbox 282 2497 435 2529; x_wconf 75' lang='lat' dir='ltr'>Summa:</span> <span class='ocrx_word' id='word_1_258' title='bbox 459 2495 501 2538; x_wconf 89' lang='lat' dir='ltr'>iij.</span> <span class='ocrx_word' id='word_1_259' title='bbox 516 2495 543 2525; x_wconf 90' lang='lat' dir='ltr'>li.</span> <span class='ocrx_word' id='word_1_260' title='bbox 562 2494 643 2536; x_wconf 85' lang='lat' dir='ltr'>xvjs.</span> <span class='ocrx_word' id='word_1_261' title='bbox 659 2494 711 2535; x_wconf 90' lang='lat' dir='ltr'>ijd.</span> 
     </span>
    </p>
   </div>
   <div class='ocr_carea' id='block_1_3' title="bbox 1407 279 1505 320">
    <p class='ocr_par' dir='ltr' id='par_1_7' title="bbox 1407 279 1505 320">
     <span class='ocr_line' id='line_1_41' title="bbox 1407 279 1505 320; baseline -0.02 0"><span class='ocrx_word' id='word_1_262' title='bbox 1407 279 1505 320; x_wconf 85' lang='lat'>[¹524</span> 
     </span>
    </p>
   </div>
   <div class='ocr_carea' id='block_1_4' title="bbox 1415 379 1504 976">
    <p class='ocr_par' dir='ltr' id='par_1_8' title="bbox 1415 379 1504 976">
     <span class='ocr_line' id='line_1_42' title="bbox 1427 379 1502 419; baseline 0 -10"><span class='ocrx_word' id='word_1_263' title='bbox 1427 379 1502 419; x_wconf 88' lang='lat' dir='ltr'>iiijd.</span> 
     </span>
     <span class='ocr_line' id='line_1_43' title="bbox 1415 435 1494 475; baseline 0 -10"><span class='ocrx_word' id='word_1_264' title='bbox 1415 435 1494 475; x_wconf 84' lang='lat' dir='ltr'>xvjd</span> 
     </span>
     <span class='ocr_line' id='line_1_44' title="bbox 1447 491 1503 530; baseline 0 -10"><span class='ocrx_word' id='word_1_265' title='bbox 1447 491 1503 530; x_wconf 87' lang='lat' dir='ltr'>iijs.</span> 
     </span>
     <span class='ocr_line' id='line_1_45' title="bbox 1447 546 1504 586; baseline 0 -10"><span class='ocrx_word' id='word_1_266' title='bbox 1447 546 1504 586; x_wconf 89' lang='lat' dir='ltr'>iijs.</span> 
     </span>
     <span class='ocr_line' id='line_1_46' title="bbox 1419 602 1504 642; baseline 0 -10"><span class='ocrx_word' id='word_1_267' title='bbox 1419 602 1504 642; x_wconf 81' lang='lat' dir='ltr'>viijd.</span> 
     </span>
     <span class='ocr_line' id='line_1_47' title="bbox 1419 658 1504 698; baseline 0.012 -11"><span class='ocrx_word' id='word_1_268' title='bbox 1419 658 1504 698; x_wconf 83' lang='lat' dir='ltr'>viijd.</span> 
     </span>
     <span class='ocr_line' id='line_1_48' title="bbox 1429 713 1504 754; baseline 0.013 -11"><span class='ocrx_word' id='word_1_269' title='bbox 1429 713 1504 754; x_wconf 89' lang='lat' dir='ltr'>iiijd.</span> 
     </span>
     <span class='ocr_line' id='line_1_49' title="bbox 1429 769 1504 809; baseline 0 -10"><span class='ocrx_word' id='word_1_270' title='bbox 1429 769 1504 809; x_wconf 86' lang='lat' dir='ltr'>iiijd.</span> 
     </span>
     <span class='ocr_line' id='line_1_50' title="bbox 1459 825 1504 865; baseline 0 -10"><span class='ocrx_word' id='word_1_271' title='bbox 1459 825 1504 865; x_wconf 81' lang='lat' dir='ltr'>ijs.</span> 
     </span>
     <span class='ocr_line' id='line_1_51' title="bbox 1449 880 1504 920; baseline 0 -10"><span class='ocrx_word' id='word_1_272' title='bbox 1449 880 1504 920; x_wconf 80' lang='lat' dir='ltr'>vjs.</span> 
     </span>
     <span class='ocr_line' id='line_1_52' title="bbox 1426 937 1504 976; baseline 0 -9"><span class='ocrx_word' id='word_1_273' title='bbox 1426 937 1504 976; x_wconf 86' lang='lat' dir='ltr'>xijd.</span> 
     </span>
    </p>
   </div>
   <div class='ocr_carea' id='block_1_5' title="bbox 1341 992 1504 1032">
    <p class='ocr_par' dir='ltr' id='par_1_9' title="bbox 1341 992 1504 1032">
     <span class='ocr_line' id='line_1_53' title="bbox 1341 992 1504 1032; baseline 0 -10"><span class='ocrx_word' id='word_1_274' title='bbox 1341 1017 1345 1022; x_wconf 94' lang='lat'>.</span> <span class='ocrx_word' id='word_1_275' title='bbox 1394 992 1504 1032; x_wconf 84' lang='lat' dir='ltr'>xviijd.</span> 
     </span>
    </p>
   </div>
   <div class='ocr_carea' id='block_1_6' title="bbox 1425 1048 1505 1646">
    <p class='ocr_par' dir='ltr' id='par_1_10' title="bbox 1425 1048 1505 1646">
     <span class='ocr_line' id='line_1_54' title="bbox 1425 1048 1504 1088; baseline 0 -10"><span class='ocrx_word' id='word_1_276' title='bbox 1425 1048 1504 1088; x_wconf 86' lang='lat' dir='ltr'>viijs.</span> 
     </span>
     <span class='ocr_line' id='line_1_55' title="bbox 1429 1104 1505 1144; baseline 0 -10"><span class='ocrx_word' id='word_1_277' title='bbox 1429 1104 1505 1144; x_wconf 90' lang='lat' dir='ltr'>iiijd.</span> 
     </span>
     <span class='ocr_line' id='line_1_56' title="bbox 1459 1160 1504 1200; baseline 0 -10"><span class='ocrx_word' id='word_1_278' title='bbox 1459 1160 1504 1200; x_wconf 91' lang='lat' dir='ltr'>ijs.</span> 
     </span>
     <span class='ocr_line' id='line_1_57' title="bbox 1428 1215 1504 1255; baseline 0 -10"><span class='ocrx_word' id='word_1_279' title='bbox 1428 1215 1504 1255; x_wconf 89' lang='lat' dir='ltr'>iiijd.</span> 
     </span>
     <span class='ocr_line' id='line_1_58' title="bbox 1429 1271 1505 1311; baseline 0 -10"><span class='ocrx_word' id='word_1_280' title='bbox 1429 1271 1505 1311; x_wconf 88' lang='lat' dir='ltr'>iiijd.</span> 
     </span>
     <span class='ocr_line' id='line_1_59' title="bbox 1442 1327 1504 1367; baseline -0.016 -10"><span class='ocrx_word' id='word_1_281' title='bbox 1442 1327 1504 1367; x_wconf 81' lang='lat' dir='ltr'>vjcl.</span> 
     </span>
     <span class='ocr_line' id='line_1_60' title="bbox 1428 1383 1504 1422; baseline 0 -9"><span class='ocrx_word' id='word_1_282' title='bbox 1428 1383 1504 1422; x_wconf 88' lang='lat' dir='ltr'>iiijd.</span> 
     </span>
     <span class='ocr_line' id='line_1_61' title="bbox 1429 1439 1504 1478; baseline 0 -10"><span class='ocrx_word' id='word_1_283' title='bbox 1429 1439 1504 1478; x_wconf 88' lang='lat' dir='ltr'>iiijd.</span> 
     </span>
     <span class='ocr_line' id='line_1_62' title="bbox 1461 1505 1504 1525; baseline -0.023 0"><span class='ocrx_word' id='word_1_284' title='bbox 1461 1505 1504 1525; x_wconf 88' lang='lat' dir='ltr'>vs.</span> 
     </span>
     <span class='ocr_line' id='line_1_63' title="bbox 1428 1551 1504 1590; baseline 0 -10"><span class='ocrx_word' id='word_1_285' title='bbox 1428 1551 1504 1590; x_wconf 89' lang='lat' dir='ltr'>iiijd.</span> 
     </span>
     <span class='ocr_line' id='line_1_64' title="bbox 1429 1606 1504 1646; baseline 0 -10"><span class='ocrx_word' id='word_1_286' title='bbox 1429 1606 1504 1646; x_wconf 90' lang='lat' dir='ltr'>iiijd.</span> 
     </span>
    </p>
   </div>
   <div class='ocr_carea' id='block_1_7' title="bbox 1340 1662 1504 1702">
    <p class='ocr_par' dir='ltr' id='par_1_11' title="bbox 1340 1662 1504 1702">
     <span class='ocr_line' id='line_1_65' title="bbox 1340 1662 1504 1702; baseline 0 -10"><span class='ocrx_word' id='word_1_287' title='bbox 1340 1687 1345 1692; x_wconf 87' lang='lat'><strong><em>.</em></strong></span> <span class='ocrx_word' id='word_1_288' title='bbox 1393 1662 1504 1702; x_wconf 75' lang='lat' dir='ltr'>xviijd.</span> 
     </span>
    </p>
   </div>
   <div class='ocr_carea' id='block_1_8' title="bbox 1428 1718 1504 1758">
    <p class='ocr_par' dir='ltr' id='par_1_12' title="bbox 1428 1718 1504 1758">
     <span class='ocr_line' id='line_1_66' title="bbox 1428 1718 1504 1758; baseline 0 -10"><span class='ocrx_word' id='word_1_289' title='bbox 1428 1718 1504 1758; x_wconf 82' lang='lat' dir='ltr'>iiijd.</span> 
     </span>
    </p>
   </div>
   <div class='ocr_carea' id='block_1_9' title="bbox 1425 1881 1505 2254">
    <p class='ocr_par' dir='ltr' id='par_1_13' title="bbox 1425 1881 1505 2254">
     <span class='ocr_line' id='line_1_67' title="bbox 1425 1881 1504 1921; baseline 0 -10"><span class='ocrx_word' id='word_1_290' title='bbox 1425 1881 1504 1921; x_wconf 84' lang='lat' dir='ltr'>xijd.</span> 
     </span>
     <span class='ocr_line' id='line_1_68' title="bbox 1432 1948 1504 1967; baseline -0.014 0"><span class='ocrx_word' id='word_1_291' title='bbox 1432 1948 1504 1967; x_wconf 77' lang='lat' dir='ltr'>XXS.</span> 
     </span>
     <span class='ocr_line' id='line_1_69' title="bbox 1430 1993 1505 2032; baseline 0.013 -10"><span class='ocrx_word' id='word_1_292' title='bbox 1430 1993 1505 2032; x_wconf 85' lang='lat' dir='ltr'>iiijd.</span> 
     </span>
     <span class='ocr_line' id='line_1_70' title="bbox 1429 2049 1505 2088; baseline 0.013 -10"><span class='ocrx_word' id='word_1_293' title='bbox 1429 2049 1505 2088; x_wconf 82' lang='lat' dir='ltr'>iiijd.</span> 
     </span>
     <span class='ocr_line' id='line_1_71' title="bbox 1429 2104 1504 2144; baseline 0.013 -11"><span class='ocrx_word' id='word_1_294' title='bbox 1429 2104 1504 2144; x_wconf 85' lang='lat' dir='ltr'>iiijd.</span> 
     </span>
     <span class='ocr_line' id='line_1_72' title="bbox 1429 2159 1504 2200; baseline 0.013 -11"><span class='ocrx_word' id='word_1_295' title='bbox 1429 2159 1504 2200; x_wconf 81' lang='lat' dir='ltr'>iiijd.</span> 
     </span>
     <span class='ocr_line' id='line_1_73' title="bbox 1429 2215 1504 2254; baseline 0 -10"><span class='ocrx_word' id='word_1_296' title='bbox 1429 2215 1504 2254; x_wconf 80' lang='lat' dir='ltr'>iiijd.</span> 
     </span>
    </p>
   </div>
   <div class='ocr_carea' id='block_1_10' title="bbox 1341 2270 1504 2310">
    <p class='ocr_par' dir='ltr' id='par_1_14' title="bbox 1341 2270 1504 2310">
     <span class='ocr_line' id='line_1_74' title="bbox 1341 2270 1504 2310; baseline 0 -10"><span class='ocrx_word' id='word_1_297' title='bbox 1341 2295 1346 2300; x_wconf 89' lang='lat'>.</span> <span class='ocrx_word' id='word_1_298' title='bbox 1393 2270 1504 2310; x_wconf 78' lang='lat' dir='ltr'>xviijd.</span> 
     </span>
    </p>
   </div>
   <div class='ocr_carea' id='block_1_11' title="bbox 1426 2326 1505 2468">
    <p class='ocr_par' dir='ltr' id='par_1_15' title="bbox 1426 2326 1505 2468">
     <span class='ocr_line' id='line_1_75' title="bbox 1426 2326 1505 2366; baseline 0 -10"><span class='ocrx_word' id='word_1_299' title='bbox 1426 2326 1505 2366; x_wconf 82' lang='lat' dir='ltr'>xijd.</span> 
     </span>
     <span class='ocr_line' id='line_1_76' title="bbox 1426 2381 1504 2421; baseline 0 -10"><span class='ocrx_word' id='word_1_300' title='bbox 1426 2381 1504 2421; x_wconf 82' lang='lat' dir='ltr'>xijd.</span> 
     </span>
     <span class='ocr_line' id='line_1_77' title="bbox 1472 2438 1504 2468; baseline 0 0"><span class='ocrx_word' id='word_1_301' title='bbox 1472 2438 1504 2468; x_wconf 82' lang='lat' dir='ltr'>ls</span> 
     </span>
    </p>
   </div>
   <div class='ocr_carea' id='block_1_12' title="bbox 1524 895 1552 912">
    <p class='ocr_par' dir='ltr' id='par_1_16' title="bbox 1524 895 1552 912">
     <span class='ocr_line' id='line_1_78' title="bbox 1524 895 1552 912; baseline 0 0"><span class='ocrx_word' id='word_1_302' title='bbox 1524 895 1552 912; x_wconf 79' lang='lat'>10</span> 
     </span>
    </p>
   </div>
   <div class='ocr_carea' id='block_1_13' title="bbox 1524 1169 1550 1195">
    <p class='ocr_par' dir='ltr' id='par_1_17' title="bbox 1524 1169 1550 1195">
     <span class='ocr_line' id='line_1_79' title="bbox 1524 1169 1550 1195; baseline 0 0"><span class='ocrx_word' id='word_1_303' title='bbox 1524 1169 1550 1195; x_wconf 82' lang='lat'>¹5</span> 
     </span>
    </p>
   </div>
   <div class='ocr_carea' id='block_1_14' title="bbox 1520 1451 1551 1468">
    <p class='ocr_par' dir='ltr' id='par_1_18' title="bbox 1520 1451 1551 1468">
     <span class='ocr_line' id='line_1_80' title="bbox 1520 1451 1551 1468; baseline 0 0"><span class='ocrx_word' id='word_1_304' title='bbox 1520 1451 1551 1468; x_wconf 88' lang='lat'>20</span> 
     </span>
    </p>
   </div>
   <div class='ocr_carea' id='block_1_15' title="bbox 1521 1731 1550 1757">
    <p class='ocr_par' dir='ltr' id='par_1_19' title="bbox 1521 1731 1550 1757">
     <span class='ocr_line' id='line_1_81' title="bbox 1521 1731 1550 1757; baseline 0 0"><span class='ocrx_word' id='word_1_305' title='bbox 1521 1731 1550 1757; x_wconf 87' lang='lat'>²5</span> 
     </span>
    </p>
   </div>
   <div class='ocr_carea' id='block_1_16' title="bbox 1521 2063 1552 2087">
    <p class='ocr_par' dir='ltr' id='par_1_20' title="bbox 1521 2063 1552 2087">
     <span class='ocr_line' id='line_1_82' title="bbox 1521 2063 1552 2087; baseline 0 -7"><span class='ocrx_word' id='word_1_306' title='bbox 1521 2063 1552 2087; x_wconf 80' lang='lat'>30</span> 
     </span>
    </p>
   </div>
   <div class='ocr_carea' id='block_1_17' title="bbox 1521 2336 1551 2362">
    <p class='ocr_par' dir='ltr' id='par_1_21' title="bbox 1521 2336 1551 2362">
     <span class='ocr_line' id='line_1_83' title="bbox 1521 2336 1551 2362; baseline 0 0"><span class='ocrx_word' id='word_1_307' title='bbox 1521 2336 1551 2362; x_wconf 85' lang='lat'>35</span> 
     </span>
    </p>
   </div>
  </div>
 </body>
</html>
