1627 2823
187 261 245 299 136
380 267 544 292 RECORDS
567 267 614 292 OF
638 267 713 291 THE
738 267 914 292 BOROUGH
938 267 984 292 OF
1009 267 1269 292 NOTTINGHAM.
1370 259 1468 300 [1516

184 359 312 390 Hillarii
337 359 491 400 proximo
514 359 667 397 futurum,
687 365 745 391 etc.
794 360 837 391 Et
861 360 960 390 habet
984 360 1124 390 eundem
1149 359 1245 397 diem,
1268 363 1326 390 etc.
1374 359 1467 390 Idem

181 415 250 446 dies
267 416 364 447 datus
385 421 434 447 est
456 415 610 457 praefatis
630 415 774 457 Johanni
798 416 1007 456 Dowbulday
1023 421 1055 448 et
1076 415 1220 456 Johanni
1244 415 1389 446 Durrant
1408 415 1468 453 hic,

182 476 254 502 etc.¹
1268 474 1354 510 1387,
1372 481 1400 512 p.
1420 479 1466 510 39.

362 596 636 626 LXXX111.—A
642 596 722 626 ction
730 596 791 634 for
805 596 914 626 Deceit
929 596 963 626 in
980 596 1030 626 tlze
1048 596 1124 627 Sale
1140 597 1180 635 of
1205 595 1296 626 Wool.

634 664 777 702 1515-16,
798 664 963 704 February
984 672 1027 702 13.

246 730 431 761 NVillelmus
449 731 564 768 Green,
583 731 728 770 tayliour,
746 732 891 772 queritur
907 733 948 763 de
971 732 1114 763 Ricardo
1134 731 1277 762 Halome
1293 732 1334 762 de
1351 731 1471 772 placito

182 787 393 827 deceptionis,
411 792 468 818 etc.
517 787 561 818 Et
583 787 670 818 unde
691 787 778 818 idem
796 788 989 826 Willelmus,
1005 799 1063 828 per
1078 788 1281 819 VVillelmum
1300 787 1471 818 Edmund-
1503 794 1516 820 5

183 853 242 873 son
260 847 462 873 attornatum
485 852 589 879 suurn,
605 843 692 880 dicit,
709 844 798 883 quod
821 854 895 874 curn
917 845 1103 884 praedictus
1128 844 1296 882 Ricardus,
1313 848 1404 874 xxmo
1419 843 1472 875 die

185 898 397 938 Septembris,
429 908 516 929 anno
551 899 640 939 regni
674 899 808 930 Domini
842 900 943 940 Regis
982 911 1068 931 nunc
1099 900 1264 940 septimo,²
1295 899 1346 930 hic
1384 900 1471 940 apud

184 954 398 995 Nofingham,
426 959 493 992 ete,
522 955 722 986 vendidisset
749 955 897 995 praefato
928 956 1096 986 Willelmo
1123 956 1229 988 Green
1258 955 1324 996 xvj.
1353 955 1473 986 toddas

183 1010 285 1047 lanae,
302 1010 546 1041 warantizando
569 1011 674 1042 dictas
700 1011 804 1051 xvjcim
827 1012 945 1042 toddas
967 1022 1038 1042 esse
1060 1012 1167 1043 bonae
1190 1012 1292 1049 lanae,
1317 1021 1416 1052 purae
1440 1016 1473 1042 et

184 1067 334 1104 mundae,
351 1066 405 1097 ubi
430 1066 462 1096 in
487 1076 563 1097 vero
587 1066 674 1098 sacto
699 1066 828 1098 suerunt
855 1067 886 1098 in
911 1067 1058 1108 qualibet
1085 1068 1187 1099 todda
1210 1067 1370 1098 dictarum
1398 1077 1472 1098 sex·
1490 1075 1519 1093 ¹0

183 1123 288 1153 decim
317 1122 492 1153 toddarum
522 1122 616 1153 lanae
642 1123 727 1154 duae
758 1123 858 1154 librae
886 1122 1028 1161 zabuli;³
1062 1128 1093 1154 et
1121 1123 1166 1154 sic
1197 1123 1283 1154 idem
1313 1123 1473 1154 Ricardus

187 1178 330 1209 Halome
346 1178 470 1208 dictum
489 1178 691 1209 Willelmum
715 1178 822 1210 Green
840 1179 997 1210 fallaciter
1018 1179 1094 1210 inde
1110 1179 1255 1220 decepit:
1278 1179 1366 1210 unde
1387 1179 1473 1216 dicit,

185 1235 274 1275 quod
300 1234 516 1265 deterioratus
542 1239 591 1265 est
616 1239 648 1266 et
673 1235 820 1275 dampna
844 1235 943 1266 habet
969 1236 1009 1266 ad
1035 1235 1211 1266 valentiam
1238 1235 1311 1272 xls.;
1338 1240 1371 1266 et
1398 1235 1474 1266 inde

187 1290 337 1331 producit
368 1295 500 1326 sectam,
532 1296 590 1321 etc.
654 1290 697 1321 Et
729 1291 914 1330 praedictus
955 1291 1114 1322 Ricardus
1153 1291 1241 1322 venit
1280 1291 1311 1321 in
1343 1291 1475 1331 propria

187 1357 327 1387 persona
343 1356 416 1383 sua;
441 1351 473 1377 et
489 1346 576 1383 dicit,
593 1347 682 1386 quod
771 1346 785 1366 ⁴
1275 1349 1361 1385 1387,
1378 1357 1406 1386 p.
1423 1347 1473 1384 46.
1493 1358 1520 1384 ¹5

246 1470 602 1502 LXXXIV—Action
620 1470 656 1510 lay
673 1470 722 1500 the
747 1471 771 1501 ll
780 1471 903 1500 'ardens
918 1470 959 1509 of
975 1470 1025 1500 tlze
1043 1470 1253 1501 Sltocmalcers
1260 1470 1321 1509 for
1334 1469 1416 1500 Fine

503 1526 563 1556 due
579 1532 658 1566 upon
678 1526 894 1565 commem-ing
907 1525 977 1556 tlcat
992 1525 1150 1556 Busincss.

699 1594 786 1632 1516,
805 1593 898 1633 April
918 1602 965 1632 24.

251 1662 419 1702 Johannes
448 1662 546 1692 Munt
573 1667 605 1692 et
629 1661 813 1692 XVillelmus
840 1661 944 1702 Hyrd,
969 1661 1125 1692 Gardiani
1150 1661 1242 1692 Artis
1266 1671 1322 1692 seu
1347 1662 1475 1702 Occup-

187 1718 305 1749 ationis
331 1718 487 1749 Sutorum
512 1717 607 1747 villae
632 1717 854 1758 Notingham’,
879 1722 1058 1758 queruntur
1081 1717 1122 1748 de
1144 1717 1296 1757 Johanne
1322 1717 1476 1755 Barlowe,

187 1774 229 1804 de
253 1772 450 1810 Maunsfeld,
467 1773 508 1803 de
531 1772 661 1813 placito,
678 1773 766 1813 quod
794 1773 910 1804 reddat
935 1773 980 1804 eis
1006 1773 1061 1814 vjs.
1079 1773 1175 1813 viijd.,
1197 1783 1279 1813 quos
1303 1773 1348 1804 eis
1371 1773 1477 1810 debet,

188 1835 246 1860 etc.
295 1830 338 1860 Et
360 1829 447 1860 unde
469 1829 568 1860 iidem
584 1829 753 1869 Johannes
775 1834 807 1860 et
823 1829 1009 1860 Willelmus
1031 1829 1062 1860 in
1085 1829 1224 1870 propriis
1246 1829 1393 1869 personis
1412 1829 1478 1860 suis

188 1885 309 1922 dicunt,
326 1886 415 1925 quod
437 1895 511 1916 cum
535 1885 721 1925 praedictus
743 1885 913 1925 Johannes
936 1885 1090 1923 Barlowe,
1107 1890 1204 1916 sexto
1225 1885 1278 1916 die
1303 1885 1478 1922 Februarii,
1492 1897 1523 1915 20

188 1951 276 1972 anno
301 1942 391 1981 regni
420 1941 555 1971 Domini
584 1941 718 1972 Henrici
745 1951 847 1981 nuper
873 1941 972 1981 Regis
996 1940 1140 1981 Angliae
1166 1940 1306 1981 Septimi
1332 1939 1479 1981 xxiiij¹0,5

188 1997 240 2027 hic
257 1998 344 2037 apud
368 1997 582 2037 Nofingham,
599 1997 813 2028 concessisset
835 2007 869 2027 se
891 1996 1015 2027 solvere
1031 1996 1187 2036 praefatis
1209 2001 1287 2027 tunc
1304 1995 1479 2028 Gardianis

188 2052 280 2083 Artis
312 2053 379 2083 sive
411 2052 647 2093 Occupationis
679 2053 865 2092 praedictae
887 2053 952 2092 for
986 2052 1039 2083 lais
1075 2052 1257 2094 upseltyng⁶
1294 2051 1478 2093 praedictos

188 2108 244 2148 vjs.
263 2108 348 2148 viijd.
374 2118 448 2139 cum
473 2108 549 2139 inde
573 2108 746 2148 requisitus
770 2107 898 2146 fuissct;
922 2113 962 2145 et,
980 2108 1054 2139 licet
1077 2109 1215 2149 saepius
1231 2113 1299 2146 etc.,
1322 2107 1478 2145 nondum,

189 2169 260 2195 etc.:
298 2165 385 2195 unde
415 2165 537 2202 dicunt,
569 2164 656 2204 quod
689 2164 876 2195 deteriorati
914 2164 1008 2195 sunt⁷
1039 2169 1071 2195 et
1102 2165 1248 2205 dampna
1284 2164 1407 2195 habent
1437 2163 1478 2194 ad
1493 2177 1523 2203 25

190 2220 366 2251 valentiam
384 2220 476 2260 xijd.;
501 2225 533 2251 ct
549 2219 645 2250 inde8
661 2220 845 2260 producunt
863 2225 994 2257 sectam,
1011 2225 1069 2251 etc.
1117 2220 1212 2261 [Βία]
1280 2222 1367 2259 1387,
1384 2231 1412 2261 p.
1433 2221 1478 2259 58.

243 2408 247 2418 ¹
268 2406 308 2429 No
321 2405 429 2429 decision
443 2405 462 2428 is
475 2405 601 2429 recorded.
934 2407 943 2421 ⁴
960 2405 1015 2429 The
1030 2409 1101 2436 entry
1113 2405 1133 2429 is
1146 2404 1292 2429 unfinished.
1330 2405 1431 2429 Verdict
1444 2404 1480 2429 sor

239 2449 248 2459 ²
266 2446 405 2476 Thursday,
421 2446 565 2476 September
579 2452 617 2474 20,
636 2450 703 2476 1515.
886 2445 1027 2469 defendant.

244 2489 249 2503 ἶ
267 2486 467 2511 zabulizsabuli.
934 2488 943 2504 ⁵
960 2487 1083 2518 Tuesday,
1099 2487 1224 2518 February
1235 2486 1259 2515 6,
1276 2487 1371 2518 1508·9.
