1627 2823
227 270 286 307 196
420 275 585 300 RECORDS
609 276 655 300 OF
678 276 755 300 THE
779 276 956 301 BOROUGH
981 276 1027 301 OF
1052 277 1316 302 NOTTINGHAM.
1418 269 1518 310 [1536

226 369 394 400 Dioecesis
419 369 500 405 illac,
523 369 577 400 ubi
602 369 733 406 artibus,
752 368 970 406 facultatibus,
993 370 1145 407 scientiis,
1167 379 1223 400 seu
1249 369 1400 400 misteriis
1424 379 1515 409 prae-

225 425 320 456 dictis
348 430 568 462 excerceatur,
591 429 710 462 utatur,
734 425 802 456 sive
826 425 988 465 fungatur,
1013 425 1124 466 ejusve
1148 426 1280 457 Vicario
1307 425 1458 457 Generali
1484 426 1516 456 in

224 481 373 512 absentia
386 481 533 522 ejusdem
550 481 714 521 Episcopi,
728 486 760 512 et
773 481 844 512 aliis
857 482 1046 513 doctoribus
1060 481 1119 523 [et]
1134 481 1326 523 personibus
1339 481 1371 511 in
1387 481 1517 519 artibus,

223 537 375 574 scientiis,
393 536 604 568 facultatibus
628 541 661 567 et
686 537 838 567 misteriis
862 537 1038 578 praedictis
1061 538 1141 569 satis
1165 537 1310 578 expertis
1334 542 1367 568 et
1391 537 1516 568 idoneis

223 593 442 629 examinatus,
470 592 672 633 approbatus
700 598 733 623 et
760 593 922 624 admissus
950 593 1028 634 [sit],
1052 593 1267 634 habeat[que]
1293 593 1417 624 litteras
1440 598 1518 624 test·
1550 601 1562 627 5

224 648 395 679 imoniales
417 647 565 688 ejusdem
590 648 746 688 Episcopi
767 648 878 688 ejusve
894 649 1017 680 Vicarii
1040 649 1210 681 Generalis
1231 654 1391 680 testantes
1413 650 1518 690 ipsam

224 714 398 745 personam
416 703 485 734 sore
505 704 585 734 satis
607 704 761 735 idoneam
784 709 816 735 et
833 710 1005 745 expertam
1023 705 1151 743 artium,
1169 705 1371 743 facultatum,
1388 705 1517 736 scienti-

225 771 316 792 arum
334 766 366 791 et
384 760 602 791 misteriorum
620 760 879 801 praedictorum;
904 766 936 792 et
957 761 982 791 si
1000 762 1072 801 quis
1089 762 1120 792 in
1144 762 1342 792 contrarium
1361 761 1471 792 fecerit
1487 766 1520 792 et

225 817 301 848 inde
317 817 428 848 debite
449 817 619 847 convictus
636 815 740 853 fuerit,
757 817 897 854 amittat,
915 827 974 857 pro
993 817 1140 857 quolibet
1163 827 1283 854 mense,
1299 827 1366 857 quo
1387 817 1518 854 artibus,

223 873 443 909 facultatibus,
460 872 604 903 scientiis
626 882 682 903 seu
708 872 859 903 misteriis
881 873 1057 913 praedictis
1079 878 1198 910 utatur,
1215 878 1435 910 excerceatur‚
1452 873 1520 904 sive
1536 884 1566 902 10

224 929 380 969 fungatur
407 933 522 959 contra
549 928 792 959 ordinationem
821 929 1034 969 praedictam,
1059 929 1205 969 quinque
1232 928 1339 967 libras,
1365 934 1463 969 prout
1487 929 1518 959 in

224 985 377 1017 Statut01
407 984 576 1024 praedicto
605 984 732 1024 plenius
759 985 961 1015 continetur:
995 985 1182 1025 praedictus
1212 989 1324 1016 tamen
1354 985 1520 1017 Robertus

225 1040 377 1077 Peverell‚
404 1040 575 1072 Statutum
602 1040 806 1080 praedictum
833 1040 968 1071 minime
995 1039 1190 1081 ponderans,
1216 1041 1322 1081 primo
1349 1041 1402 1072 die
1430 1041 1520 1072 Nov-

223 1097 352 1133 embris,
384 1105 472 1126 anno
504 1096 594 1136 regni
626 1096 704 1126 dicti
741 1096 877 1126 Domini
912 1097 1012 1137 Regis
1044 1107 1130 1128 nunc
1169 1097 1316 1138 xxvijmo,
1347 1098 1400 1128 hic
1431 1098 1518 1138 apud

225 1152 441 1192 Notingham,
467 1152 497 1182 in
528 1152 696 1183 Comitatu
722 1152 817 1182 villae
846 1152 1070 1192 Nofingham',
1095 1159 1127 1184 et
1151 1153 1234 1184 infra
1258 1154 1519 1194 jurisdictionem
1538 1167 1565 1193 ¹5

223 1208 320 1249 hujus
343 1208 469 1245 Curiae,
486 1213 519 1239 et
545 1207 628 1238 infra
654 1208 848 1238 Dioccesem
875 1208 1127 1247 Eboracensem,
1145 1214 1177 1240 et
1202 1220 1260 1250 per
1283 1210 1366 1240 duos
1392 1219 1520 1240 menses

224 1270 348 1296 extunc
381 1264 536 1305 proximo
567 1269 599 1295 et
638 1264 830 1294 immediate
861 1265 1103 1304 praecedentes,
1134 1265 1266 1302 artibus,
1298 1265 1518 1302 facultatibus,

224 1321 368 1351 scientiis
392 1325 424 1351 et
449 1320 600 1351 misteriis
624 1320 799 1360 praedictis
822 1320 853 1350 in
878 1320 1009 1360 agendo
1034 1325 1066 1351 et
1089 1321 1306 1352 ministrando
1327 1331 1420 1352 curas
1445 1331 1520 1352 suas

224 1377 355 1408 cuidam
379 1376 548 1407 willelmo
573 1375 731 1406 Mellours
756 1381 788 1406 et
812 1376 1076 1416 quam-pluribus
1100 1377 1170 1407 aliis
1194 1377 1340 1417 personis
1365 1381 1397 1407 et
1421 1377 1521 1417 legeis

224 1434 302 1464 dicti
322 1432 458 1463 Domini
478 1432 587 1472 Regis,
601 1431 726 1472 absque
743 1431 858 1462 litteris
871 1432 1148 1463 testimonialibus
1161 1432 1410 1473 Archiepiscopi
1429 1443 1520 1473 prae·
1535 1449 1566 1466 20

225 1489 333 1520 dictae
366 1487 535 1519 Dioecesis
568 1487 794 1525 EboracensiS‚
826 1487 938 1527 ejusve
968 1488 1090 1518 Vicarii
1122 1488 1316 1526 Generalis,²
1347 1499 1424 1519 usus
1463 1494 1520 1526 est,

226 1545 394 1576 excercuit
415 1549 447 1575 et
470 1543 601 1574 functus
623 1548 680 1580 est,
698 1543 728 1573 in
750 1543 828 1574 dicti
852 1543 987 1574 Domini
1012 1543 1113 1584 Regis
1134 1550 1362 1585 contemptum
1389 1551 1421 1576 et
1442 1545 1520 1576 dicti

226 1601 377 1632 Thomae
408 1610 507 1640 grave
537 1599 781 1637 detrimentum,
809 1609 847 1630 ac
878 1604 992 1630 contra
1020 1599 1159 1631 formam
1192 1600 1316 1632 Statuti
1349 1601 1521 1641 praedicti:

225 1657 313 1688 unde
337 1657 424 1687 idem
449 1656 607 1693 Thomas,
625 1656 680 1696 qui
707 1661 776 1687 tam
805 1666 864 1696 pro
889 1655 1036 1687 Domino
1062 1657 1154 1697 Rege
1177 1667 1276 1698 quam
1303 1668 1363 1698 pro
1388 1668 1423 1688 se
1450 1658 1521 1698 ipso

225 1713 380 1754 sequitur,
403 1723 461 1753 per
485 1711 708 1743 attornatum³
731 1722 827 1742 suum
852 1712 1065 1752 praedictum,
1087 1713 1175 1749 dicit,
1191 1714 1280 1754 quod
1305 1714 1521 1744 deterioratus
1535 1729 1564 1755 25

226 1774 275 1800 est
291 1773 323 1799 et
340 1769 523 1808 dampnum
541 1767 641 1798 habet
658 1767 699 1798 ad
713 1767 890 1798 valentiam
905 1768 1019 1798 decem
1037 1768 1209 1807 librarum;
1229 1775 1261 1800 et
1278 1770 1354 1800 inde
1371 1769 1522 1810 producit

226 1830 360 1862 sectam,
377 1830 435 1855 etc.
483 1823 599 1864 [ΕΜΓ
1186 1833 1274 1864 1412,
1291 1835 1344 1865 pp.
1368 1826 1433 1863 118,
1454 1833 1520 1864 119.

228 2003 515 2037 CXIV—Action
531 2002 664 2042 against
678 2012 698 2032 a
715 2002 861 2042 Surgeon
869 2002 1067 2042 forsaz'lure
1082 2008 1112 2034 to
1130 2003 1212 2036 Cure
1227 2014 1248 2035 a
1264 2004 1425 2036 Diseased
1436 2005 1520 2035 Foot.

752 2072 840 2110 1536,
859 2072 940 2112 May
958 2080 1005 2110 31.

292 2141 473 2172 Nicholaus
491 2140 630 2171 Dobson
647 2140 794 2180 queritur
815 2150 926 2171 versus
945 2140 1127 2172 Robertum
1152 2141 1304 2178 Peverell‚
1321 2152 1463 2182 surgeon,
1480 2142 1521 2173 de

227 2197 348 2238 placito
376 2195 644 2236 transgressionis
671 2206 769 2236 super
792 2206 903 2226 casum
933 2206 1035 2227 suum.
1084 2197 1186 2237 Plegii
1210 2197 1251 2228 de
1276 2198 1520 2238 prosequendo:

226 2254 395 2294 Johannes
414 2253 489 2283 Doo
507 2257 538 2282 et
557 2252 718 2282 Ricardus
737 2251 817 2282 Roo.
1535 2265 1567 2290 30

295 2310 339 2340 Et
355 2309 442 2339 unde
459 2308 545 2338 idem
564 2307 752 2344 Nicholaus,
770 2317 827 2347 per
849 2307 1026 2338 Ricardum
1045 2307 1174 2348 Sneyth
1192 2312 1394 2339 attornatum
1417 2319 1521 2346 suurn,

278 2423 284 2434 ¹
304 2422 366 2444 Stat.
391 2426 404 2450 3
426 2420 492 2443 Hen.
516 2418 603 2446 VIII„
626 2426 647 2442 c.
669 2418 692 2442 ii.
709 2418 826 2446 (Statutcx
924 2417 1081 2442 facultatibus
1098 2423 1122 2442 et
1140 2418 1248 2443 scientiis
1265 2418 1394 2450 phisiciani
1411 2423 1435 2443 et
1449 2419 1520 2443 sirut-

227 2462 256 2493 of
268 2462 307 2484 the
319 2461 413 2489 Realm,
428 2460 460 2483 iii.
477 2461 525 2490 31).
923 2459 971 2490 gici
984 2459 1116 2490 praedictis
1125 2458 1130 2468 ²
1143 2459 1281 2490 needlessly
1291 2466 1364 2482 occur
1374 2459 1398 2482 in
1411 2459 1452 2482 the
1463 2458 1518 2483 MS.

275 2503 285 2513 ²
304 2501 372 2524 Here
392 2499 433 2524 the
457 2499 538 2523 words
560 2498 676 2528 ‘artibus
699 2498 822 2528 misteriis,
972 2501 981 2516 ³
999 2499 1107 2523 Richard
1121 2499 1215 2525 Snaith.
