1627 2823
368 517 640 549 ADDITIONS
680 517 783 547 AND
823 515 1172 548 CORRECTIONS.

130 744 185 767 Vol.
202 744 228 771 ῑ.,
243 750 305 774 page
317 748 357 772 90,
372 742 421 765 No.
437 741 517 764 XLV.
554 740 608 764 The
620 740 677 763 date
690 740 709 763 is
725 744 794 770 1325,
808 743 852 762 not
867 745 936 769 1321.

147 803 163 813 ‚‚
190 793 224 812 ih,

262 801 279 812 ‚,
314 789 370 812 419,
391 800 408 810 „
435 781 554 805 LXXIV.
591 781 703 812 Gregory
722 782 803 810 (4771,
824 780 855 804 fo.
871 779 925 809 6d.)
942 779 1011 810 gives
1029 778 1071 803 the
1089 779 1146 803 date
1164 779 1249 803 hereo}
1267 787 1294 803 as
1312 779 1371 810 July
1386 786 1426 809 24,

262 823 332 854 1480.
367 823 423 846 The
435 823 558 847 reference
570 826 596 846 to
609 822 717 846 Greaves
729 821 818 844 should
830 821 861 844 be
873 826 946 850 4770,
963 828 986 851 p.
1002 820 1041 843 60.

134 966 198 996 Page
214 965 250 992 16,
266 964 314 988 No.
331 963 376 987 VI.
413 963 468 986 The
480 963 537 986 date
550 962 570 985 is
582 961 717 993 September
729 967 768 990 29.

168 1025 173 1034 ‚
212 1012 250 1037 50,
271 1006 320 1029 No.
337 1005 439 1028 XXIII.
476 1005 500 1028 A
518 1004 590 1027 letter
607 1003 635 1027 of
654 1002 782 1032 fraternity
801 1001 861 1025 with
882 1000 924 1024 the
945 1001 1032 1024 House
1052 1000 1081 1023 of
1103 1000 1129 1024 S.
1154 1001 1249 1024 Robert
1270 1000 1298 1024 cf
1321 1001 1430 1024 Knares-

263 1046 383 1077 borough‚
397 1046 425 1069 of
438 1045 480 1069 the
492 1044 643 1068 Trinitarian
656 1043 737 1067 Order
749 1042 786 1065 for
800 1041 841 1065 the
855 1040 1022 1071 Redemption
1035 1040 1064 1063 of
1078 1040 1204 1064 Christian
1218 1040 1337 1072 Captives
1349 1041 1375 1064 in
1388 1040 1430 1064 the

263 1087 342 1111 hands
365 1086 392 1110 of
412 1086 454 1109 the
478 1086 583 1116 Pagans,
608 1083 735 1108 bestowed
759 1081 915 1113 exceptional
938 1081 1070 1112 privileges
1095 1089 1163 1112 upon
1186 1081 1218 1105 its
1241 1081 1369 1113 recipient.
1407 1081 1430 1105 It

263 1128 365 1152 entitled
378 1128 429 1151 him
443 1131 467 1151 to
480 1135 510 1150 an
524 1126 671 1157 indulgence
684 1124 712 1148 of
726 1124 762 1147 six
780 1130 850 1153 years
866 1121 916 1145 and
932 1121 999 1152 eight
1013 1121 1082 1152 days,
1096 1122 1145 1145 and
1163 1130 1225 1153 gave
1241 1122 1293 1145 him
1307 1130 1391 1153 power
1403 1126 1430 1146 to

262 1169 366 1200 appoint
377 1168 417 1191 his
428 1176 485 1191 own
501 1167 674 1191 confessor—a
692 1164 806 1188 valuable
823 1163 942 1194 privilege
959 1162 984 1185 in
1002 1162 1044 1185 the
1062 1162 1160 1186 Middle
1172 1163 1248 1193 Ages.
1284 1163 1340 1186 The
1358 1163 1432 1186 letter

264 1209 357 1233 further
369 1208 488 1240 provided
502 1207 563 1235 that,
577 1214 645 1237 upon
656 1206 695 1229 his
709 1204 783 1228 death
796 1204 845 1227 and
862 1204 904 1228 the
918 1203 1067 1235 productiori
1079 1204 1108 1227 of
1121 1204 1159 1227 his
1177 1204 1249 1227 letter
1261 1204 1290 1227 of
1304 1203 1432 1235 fraternity

264 1251 288 1274 in
306 1250 349 1274 the
360 1249 509 1274 conventual
528 1248 646 1279 Chapter,
661 1246 703 1270 the
721 1253 787 1269 same
805 1245 1006 1268 commendation
1022 1245 1058 1268 for
1075 1244 1113 1268 his
1131 1245 1184 1268 soul
1202 1244 1292 1268 should
1311 1245 1342 1269 be
1358 1245 1431 1269 made

263 1299 290 1315 as
307 1298 357 1314 was
377 1290 472 1321 usually
493 1289 566 1313 made
583 1289 620 1312 for
637 1286 757 1311 deceased
776 1285 892 1309 brethren
910 1285 939 1308 of
955 1285 997 1308 the
1014 1284 1103 1308 Order.
1140 1285 1187 1308 We
1205 1293 1247 1309 are
1266 1285 1385 1309 indebted
1404 1289 1432 1309 to

263 1332 352 1356 Canon
366 1331 445 1354 Raine
457 1331 494 1354 for
506 1331 547 1354 the
560 1329 688 1360 following
699 1336 763 1360 copy
775 1328 804 1351 of
817 1335 864 1351 one
876 1327 905 1351 of
918 1326 988 1350 these
1000 1327 1093 1354 letterS,
1108 1326 1182 1350 dated
1199 1331 1273 1356 1474:

313 1373 488 1400 ‘ROBERTUS,
502 1371 617 1395 Minister
635 1371 732 1394 Domus
749 1369 833 1393 Sancti
852 1367 955 1392 Roberti
970 1367 1042 1399 juxta
1060 1367 1248 1398 Knaresburgh,
1266 1367 1432 1391 Eboracensis

265 1413 400 1442 Dioecesis,
421 1413 523 1437 Ordinis
544 1413 650 1436 Sanctae
670 1410 800 1434 Trinitatis
820 1417 865 1441 pro
884 1408 1067 1439 Redemptione
1089 1408 1261 1439 Captivorum,
1281 1407 1323 1439 qui
1340 1407 1432 1432 suerint

264 1454 408 1479 incarcerati
430 1461 476 1486 pro
502 1453 550 1477 fide
575 1453 651 1483 Jhesu
675 1451 768 1476 Christi
791 1459 806 1474 a
829 1450 944 1482 Paganis,
963 1457 1000 1478 ae,
1023 1449 1180 1473 miseratione
1203 1449 1296 1478 divina,
1319 1449 1434 1473 Vicarius

263 1496 393 1521 Generalis
416 1501 440 1520 et
465 1495 626 1519 Provincialis
649 1494 725 1518 totius
749 1492 808 1516 dicti
838 1491 940 1516 Ordinis
963 1491 988 1514 in
1014 1490 1106 1521 Anglia
1134 1490 1245 1521 legitime
1274 1490 1430 1520 constitutus,

263 1537 355 1561 dilecto
373 1537 445 1560 nobis
462 1537 487 1560 in
504 1535 605 1560 Christo
617 1535 727 1566 Johanni
745 1534 912 1565 Rysseworffi,
927 1533 958 1557 de
975 1533 1099 1563 Kokelay‚
1113 1533 1218 1556 salutem
1234 1537 1259 1556 et
1272 1533 1393 1556 sinceram
1405 1533 1431 1557 in

266 1578 376 1600 Domino
388 1577 525 1600 caritatem.

313 1617 378 1641 Cum
397 1617 423 1640 in
443 1616 579 1648 privilegiis
594 1615 747 1647 Apostolicis
764 1624 807 1646 per
823 1620 1004 1639 sacrosanctam
1023 1615 1114 1639 Sedem
1130 1615 1303 1647 Apostolicam
1319 1616 1392 1639 nobis
1407 1619 1432 1639 et

264 1657 354 1681 Ordini
374 1662 459 1680 nostro
479 1657 510 1680 ab
533 1656 640 1688 antiquis
660 1656 813 1687 temporibus
836 1656 937 1680 indultis
958 1662 981 1681 et
1002 1657 1033 1681 de
1054 1665 1120 1681 novo
1140 1657 1260 1681 canonice
1280 1657 1433 1681 confirmatis

264 1700 327 1723 inter
350 1703 431 1723 cetera
453 1698 575 1729 quaedam
604 1698 720 1729 specialia
745 1699 903 1722 continentur
931 1699 1027 1723 indulta
1049 1699 1218 1723 continentiae
1242 1699 1431 1730 subsequentis:

266 1740 406 1765 ‘Omnibus
428 1747 485 1763 vere
506 1738 690 1770 poenitentibus
713 1742 737 1762 et
759 1739 885 1768 confessis,
906 1740 944 1764 vel
963 1740 1103 1763 volentibus
1126 1739 1248 1768 confiteri,
1268 1739 1310 1770 qui
1330 1739 1361 1762 ad
1380 1747 1431 1763 sus-

264 1781 428 1805 tentationem
453 1780 512 1804 dicti
536 1779 638 1804 Ordinis
660 1788 747 1803 manus
771 1781 923 1811 porrexerint
948 1780 1089 1812 adjutrices,
1115 1780 1206 1804 totiens
1231 1781 1347 1811 quotiens
1375 1788 1433 1804 suas

264 1821 377 1845 dederint
395 1821 545 1849 elimosinas,
559 1829 601 1844 sex
617 1828 695 1844 annos
707 1826 730 1844 et
747 1821 874 1852 octoginta
887 1822 940 1846 dies
956 1822 1081 1853 injunctae
1097 1822 1265 1853 poenitentiae
1282 1822 1429 1846 relaxamus.

266 1862 347 1885 Etiam
371 1861 540 1889 concedimus,
565 1861 631 1892 quod
659 1869 746 1884 omnes
773 1861 908 1886 confratres
934 1867 959 1886 et
986 1870 1131 1886 consorores
1160 1863 1220 1886 dicti
1249 1862 1360 1891 Ordinis,
1388 1862 1431 1893 qui

264 1903 378 1927 dederint
396 1907 488 1926 certam
507 1902 671 1934 quantitatem
689 1902 811 1925 bonorum
830 1910 939 1932 suorum,
957 1907 981 1927 et
999 1904 1127 1927 annuatim
1146 1903 1261 1927 fratribus
1277 1904 1316 1927 vel
1334 1903 1433 1928 nunciis

264 1944 375 1975 ejusdem
399 1944 500 1968 Ordinis
522 1943 642 1967 beneficia
665 1943 836 1974 persolverint,
858 1945 952 1976 possint
976 1945 1022 1969 sibi
1046 1945 1137 1976 eligere
1160 1945 1288 1968 annuatim
1313 1944 1430 1969 idoneum

265 1985 332 2016 [yd—‚
357 1985 426 2015 MS.]
450 1985 612 2017 presbiterum
641 1984 666 2008 in
694 1985 868 2014 confessorem,
893 1985 936 2016 qui
964 1985 999 2009 eis
1027 1986 1163 2009 concedere
1187 1986 1267 2009 valeat
1294 1985 1431 2016 plenariam

264 2026 446 2050 absolutionem
464 2025 574 2049 omnium
593 2030 750 2057 peccatorum
766 2034 865 2050 suorum
877 2026 908 2050 de
919 2025 1010 2057 quibus
1026 2034 1082 2050 vere
1098 2026 1146 2050 sint
1163 2026 1262 2050 contriti
1277 2031 1301 2049 et
1314 2026 1430 2055 confessi,

267 2067 313 2090 nisi
331 2067 390 2090 talia
407 2067 455 2090 sint
471 2070 572 2098 propter
585 2074 648 2097 quae
666 2067 744 2090 Sedes
761 2067 906 2098 Apostolica
923 2067 954 2090 sit
971 2067 1060 2091 merito
1078 2067 1238 2091 consulenda.
1277 2067 1308 2090 Et
1327 2066 1431 2098 quilibet

264 2100 386 2131 confrater
408 2107 510 2131 habebit
532 2108 650 2138 scriptum
669 2107 750 2131 dictae
772 2108 957 2136 Fraternitati53
980 2112 1004 2131 et
1022 2108 1102 2131 eidem
1120 2108 1246 2139 sepultura
1265 2106 1433 2130 ecclesiastica

265 2156 315 2172 non
339 2154 449 2180 negetur,
472 2149 518 2172 nisi
541 2148 688 2172 nominatim
709 2149 780 2172 suerit
804 2149 1039 2172 excommunicatus.
1077 2149 1103 2173 Si
1124 2149 1179 2180 quis
1201 2148 1345 2172 benefactor
1369 2148 1433 2171 infra

264 2197 355 2213 annum
369 2189 486 2213 moriatur
498 2189 528 2213 de
541 2189 655 2213 omnibus
672 2189 780 2220 peccatis
795 2190 845 2213 suis
857 2197 913 2213 vere
929 2189 1049 2213 contritus
1064 2194 1087 2213 et
1102 2190 1237 2217 confessus,
1253 2194 1289 2212 est
1302 2189 1333 2212 de
1347 2193 1431 2212 nostra

263 2231 342 2261 gratia
366 2231 466 2262 speciali
486 2230 621 2259 absolutus,
645 2230 762 2261 Capitulo
786 2229 981 2253 ‘Abusiom'hus’
1002 2237 1052 2253 non
1075 2230 1197 2253 obstante.
1244 2230 1267 2252 A
1288 2229 1352 2252 votis
1373 2236 1432 2252 vero

264 2271 468 2302 peregrinationis
488 2275 511 2294 et
531 2271 703 2300 abstinentiae,
724 2272 744 2294 si
764 2279 828 2302 quae
848 2271 991 2295 emerserint
1012 2271 1078 2300 [im-‚
1101 2271 1180 2300 MS.]‚
1202 2271 1221 2293 si
1237 2271 1279 2302 qui
1299 2270 1431 2294 commode

265 2320 418 2342 perseverare
439 2320 489 2336 non
512 2312 628 2343 poterint,
651 2312 833 2341 ultramarinae,
856 2312 999 2340 (Beatorutn
1022 2312 1088 2335 Petri
1110 2316 1133 2335 et
1158 2312 1227 2334 Pauli
1249 2316 1323 2342 atque
1342 2311 1430 2342 Jacobi

264 2353 441 2384 Apostolorum
458 2353 521 2377 votis
533 2353 652 2377 duntaxat
671 2353 789 2384 exceptis)
802 2361 857 2377 cum
874 2352 966 2376 eisdem
980 2352 1029 2375 alia
1042 2352 1140 2383 pietatis
1153 2360 1228 2382 opera
1240 2352 1420 2383 dispensamus.

266 2393 296 2416 Et
314 2392 372 2417 inde
389 2394 556 2417 sanctissimus
574 2394 697 2417 Dominus
714 2393 805 2416 Noster
822 2393 889 2424 Papa
906 2393 964 2416 Pius
978 2393 1012 2416 ΙΙ.
1027 2392 1107 2416 dictas
1119 2392 1286 2423 indulgentias
1303 2396 1325 2415 et
1339 2392 1432 2422 gratias

263 2433 418 2464 approbavit,
433 2438 457 2458 et
471 2442 500 2458 ex
517 2439 584 2458 certa
599 2434 702 2458 scientia
717 2435 874 2459 confirmavit
891 2435 1056 2458 confratribus
1073 2439 1096 2458 ct
1114 2435 1288 2458 consororibus
1305 2433 1429 2465 praefatis,
