1627 2823
205 282 264 312 124
400 279 564 304 neconns
587 279 634 304 oF
657 279 733 303 THE
757 279 933 304 BOROUGH
957 280 1003 304 OF
1029 279 1288 305 NOTTmGuAM.
1390 271 1488 312 [15¹4

302 385 398 415 LXX
405 385 433 415 V
439 385 623 415 L-Action
640 384 677 424 by
692 384 810 414 Fm'm‘s
817 385 880 424 for
893 384 954 415 Fce
962 385 1023 424 for
1035 384 1227 424 cclcbraling
1240 383 1336 413 Illass
1352 383 1385 413 in

620 440 670 471 tlte
688 440 806 480 Clmpcl
817 451 856 470 cm
873 440 922 470 tlte
938 440 1064 481 Briasgc.

723 516 810 547 1513,
826 508 904 548 July
923 516 968 547 27.

264 576 410 606 Thomas
429 577 620 616 Smythson,
640 577 728 606 l'rior
752 577 879 606 Domus
904 576 1052 606 Fratrum
1071 575 1321 607 Carmelitaruxn
1346 574 1486 613 Noting-

200 632 292 667 ham',
321 637 353 662 et
385 632 531 662 Thomas
564 632 712 671 Bradley,
744 631 906 662 confrater
936 631 1082 671 ejusdem
1115 630 1265 661 Thomae
1297 630 1486 669 Smythson,

199 693 378 727 queruntur
395 688 435 717 de
453 688 584 717 'l‘homa
601 687 720 723 Mersh,
739 687 865 719 Clerico
888 687 1006 718 Vicarii
1024 687 1064 717 dc
1088 686 1288 721 Merneham,
1305 686 1346 715 de
1365 685 1488 725 placito

199 743 299 773 debiti
323 743 369 783 ijs.
384 743 479 783 viijd„
497 754 579 783 quos
603 743 648 773 eis
672 743 770 774 debet
794 748 826 774 et
850 743 969 782 injuste
990 743 1124 779 detinet,
1141 747 1176 772 ut
1200 742 1321 777 dicunt,
1338 746 1396 771 etc.
1445 741 1487 771 Et

199 799 286 829 unde
303 799 400 829 iidem
423 799 569 829 Thomas
592 804 623 830 et
644 799 798 835 Thomas,
816 809 873 839 per
894 798 1095 829 NVillelmum
1120 797 1337 828 Edmundson
1362 801 1487 827 attorn-
1519 805 1531 830 5

199 860 289 884 atum
312 865 416 891 suum,
434 855 554 891 dicunt,
572 855 660 895 quod
682 865 756 885 cum
779 854 964 894 praedictus
986 854 1133 884 Thomas
1151 853 1287 889 Merssh,
1434 852 1487 882 die

350 935 355 946 ,
382 921 469 941 anno
623 911 712 950 regni
743 910 876 941 Domini
905 909 1004 949 Regis
1030 919 1116 939 nunc
1270 914 1289 945 ‚¹
1316 907 1368 937 hic
1399 908 1486 947 apud

200 966 413 1005 Notingham,
442 971 509 1001 etc.,
542 966 726 996 retinuisset
758 965 940 1006 praefatum
973 965 1137 995 Thomam
1290 969 1303 984 2
1334 964 1374 994 ad
1406 963 1487 993 cele-

199 1022 356 1052 brandam
387 1022 519 1052 missam
553 1022 583 1052 in
613 1022 748 1062 Capella
777 1022 889 1053 Sancti
917 1021 1032 1061 Jacobi
1062 1020 1215 1060 Apostoli
1243 1030 1339 1060 super
1368 1019 1488 1050 Pontes

199 1078 293 1108 villae
312 1078 525 1117 Notingham'
542 1078 679 1108 situatos
697 1078 781 1108 ultra
797 1078 954 1108 Trentam
973 1088 991 1107 a
1008 1077 1175 1117 praedicto
1306 1075 1358 1105 die
1504 1087 1533 1105 ιο

199 1143 285 1163 anno
302 1134 470 1173 praedicto
487 1143 543 1173 per
555 1133 700 1173 quinque
716 1133 916 1173 septimanas
930 1139 961 1163 et
979 1142 1078 1163 unum
1093 1132 1179 1162 diem
1197 1136 1320 1162 extunc
1333 1130 1486 1171 proximo

199 1194 380 1229 sequentes,
397 1188 555 1225 videlicet,
570 1189 671 1219 tribus
688 1189 802 1219 diebus
819 1188 1012 1219 durantibus
1028 1188 1172 1228 quinque
1189 1187 1380 1227 septimanis
1397 1197 1487 1226 prae-

199 1245 302 1281 dictis,
319 1244 493 1275 solvendos
516 1244 622 1275 eidem
645 1244 795 1275 Thomae
941 1250 954 1265 2
973 1254 1046 1274 cum
1070 1244 1138 1284 ipse
1160 1243 1243 1280 inde,
1260 1247 1332 1279 etc.;
1356 1248 1396 1279 et,
1414 1242 1488 1273 licet

199 1301 285 1331 idem
311 1300 458 1331 Thomas
590 1306 603 1320 2
626 1311 683 1340 per
702 1300 806 1331 dictas
826 1300 970 1340 quinque
994 1300 1195 1340 septimanas
1219 1303 1251 1329 et
1275 1308 1375 1329 unum
1400 1298 1486 1329 diem

199 1356 333 1387 ulterius
350 1356 381 1387 in
398 1356 524 1396 capella
546 1356 714 1396 praedicta
735 1356 867 1387 missam
891 1356 1074 1393 celebravit,
1091 1361 1123 1386 et
1140 1355 1323 1396 praedictos
1341 1354 1385 1394 ijs,
1401 1354 1486 1394 viijd.
1505 1366 1532 1391 ¹5

199 1412 328 1452 saepius
345 1412 387 1443 ab
403 1422 442 1443 eo
459 1412 560 1452 petiit,
574 1412 732 1449 videlicet,
750 1422 809 1452 pro
825 1412 970 1452 qualibet
988 1412 1086 1442 missa
1103 1411 1188 1452 iiijd.,
1206 1411 1277 1441 illos
1294 1411 1322 1441 ei
1340 1410 1486 1441 nondum

200 1468 349 1505 reddidit,
366 1472 415 1498 set
432 1467 503 1498 illos
520 1467 547 1498 ei
566 1467 741 1508 hucusque,
759 1467 845 1508 [αα]
1267 1468 1353 1505 1385,
1371 1477 1398 1506 p.
1422 1473 1486 1505 115.

362 1684 714 1715 LXXV11.—Liccnse
730 1689 760 1714 lo
769 1684 856 1725 Jolm
875 1684 937 1723 Syc
953 1688 982 1713 lo
997 1683 1111 1713 cnclose
1127 1683 1226 1713 Laud
1239 1683 1271 1713 itt
1289 1682 1338 1712 illc

599 1739 682 1779 Open
699 1739 796 1770 Field
807 1740 848 1779 os
863 1739 914 1770 tlte
929 1739 1084 1779 Borouglt.

671 1814 758 1846 1514,
777 1807 971 1848 September
992 1816 1013 1837 1.

266 1874 430 1906 Omnibus
448 1875 567 1907 Christi
587 1875 744 1913 fidelibus,
762 1876 802 1906 ad
820 1885 902 1916 quos
924 1885 1077 1915 praesens
1099 1875 1255 1914 scriptum
1280 1874 1486 1904 indentatum

201 1931 391 1971 pervenerit,
407 1931 575 1971 Johannes
599 1931 715 1968 Roose,
733 1941 818 1962 nunc
842 1931 950 1971 Major
971 1930 1066 1961 villae
1089 1930 1312 1970 Noffingham’,
1330 1935 1362 1960 ct
1385 1930 1487 1969 Burg-

201 1997 294 2017 enses
310 1987 457 2026 ejusdem
474 1987 577 2023 villae,
594 1987 733 2017 salutem
752 1987 782 2017 in
802 1987 948 2017 Domino
964 1986 1206 2026 sempiternam.
1503 1997 1534 2014 20

267 2042 431 2072 Noveritis
453 2052 512 2073 nos
534 2042 698 2082 praefatos
720 2042 881 2082 Majorem
903 2047 935 2072 et
960 2042 1150 2081 Burgenses,
1168 2051 1226 2081 pro
1243 2041 1345 2077 nobis,
1363 2040 1487 2070 heredi-

202 2097 261 2128 bus
292 2103 324 2128 et
355 2098 594 2128 successoribus
622 2099 747 2135 nostris,
775 2098 911 2135 dedisse,
939 2097 1145 2133 concessisse,
1173 2102 1205 2127 et
1232 2097 1293 2127 hoc
1325 2096 1487 2136 praesenti

201 2155 322 2194 scripto
347 2159 459 2184 nostro
484 2153 694 2185 confirmasse
717 2155 860 2195 Johanni
888 2155 963 2194 Sye,
988 2154 1029 2184 de
1058 2153 1271 2193 Notingham,
1298 2153 1429 2193 plenam
1456 2157 1488 2182 et

202 2210 362 2249 integram
395 2210 560 2240 licensiam
592 2215 624 2241 et
662 2210 890 2241 auctoritatem
923 2210 964 2240 ad
996 2208 1176 2246 sossandas,
1207 2209 1409 2248 saepiendas,
1441 2208 1487 2238 in-

201 2266 379 2296 cludendas
401 2271 432 2296 et
451 2266 481 2296 in
504 2266 640 2306 separali
659 2266 899 2306 imperpetuum
922 2266 1011 2296 omni
1031 2270 1179 2305 tempore
1201 2265 1276 2295 anni
1295 2265 1336 2294 ad
1359 2264 1486 2294 libitum
1504 2275 1532 2301 25

202 2331 296 2351 suum
314 2322 480 2357 tenendas,
498 2322 671 2352 duodecim
689 2322 799 2352 buttas
817 2327 921 2352 terrae
937 2321 1067 2351 arabilis
1083 2321 1288 2351 continentes
1306 2320 1337 2349 in
1355 2329 1390 2349 se
1405 2319 1487 2349 duas

202 2387 291 2406 acras
308 2376 402 2406 simul
418 2377 565 2416 jacentes
583 2377 613 2407 in
631 2387 750 2417 campo
767 2377 860 2408 villae
879 2376 1100 2416 Notingham',
1117 2375 1247 2412 scilicet,
1265 2375 1296 2404 in
1309 2375 1337 2405 le
1352 2373 1487 2404 Nellcer-

202 2432 338 2468 bothom',
356 2432 438 2462 inter
461 2430 600 2464 crostum
625 2433 755 2464 Ricardi
779 2433 903 2464 Samon
926 2442 969 2462 ex
991 2436 1082 2472 parte
1103 2430 1297 2462 occidentali
1319 2435 1351 2461 et
1368 2434 1486 2461 terram

604 2502 608 2512 ¹
631 2500 685 2524 Lel't
698 2500 773 2524 blank
787 2500 822 2524 sor
836 2500 951 2524 insertion
965 2499 993 2523 os
1006 2500 1082 2523 dates.
