1627 2823
238 257 296 295 176
431 262 596 288 RECORDS
620 262 666 287 OF
690 263 765 286 THE
790 263 966 288 BOROUGH
992 263 1037 288 OF
1064 263 1325 288 NOTTINGIIAM.

746 367 1012 391 HIGHPAMENT.

235 421 285 451 De
303 420 470 451 Willelmo
489 420 639 460 Inglissh'
658 431 716 460 pro
734 421 908 451 mobilibus
926 422 991 451 suis

235 477 285 506 De
303 477 470 507 Willelmo
488 476 628 507 Mabson
648 486 706 515 pro
724 476 899 506 mobilibus
916 477 981 507 suis

234 533 285 563 De
303 533 433 563 Thoma
450 533 622 562 Townrow
640 542 698 571 pro
717 532 892 562 mobilibus
909 533 974 562 suis

234 587 286 617 De
301 588 454 627 Johannc
471 588 573 618 Yatcs
591 598 649 627 pro
667 587 842 617 mobilibus
859 588 924 618 suis
978 613 983 618 .

235 643 286 673 130
303 643 434 673 Thoma
451 643 585 680 Turner,
603 643 764 679 servienti,
782 654 840 683 pro
857 644 1028 683 stipendiis
1045 645 1110 674 suis
1171 669 1175 674 ,

236 698 286 728 130
305 699 467 729 Nicholao
485 699 633 735 Barston,
650 699 811 734 servienti,
829 709 887 738 pro
904 699 1074 739 stipendiis
1092 701 1175 730 suis.

234 754 286 784 De
306 754 450 794 Hugonc
468 754 580 786 Cariar
597 764 655 794 pro
673 754 848 784 mobilibus
866 755 931 784 suis
980 780 985 785 .

234 810 286 840 Dc
306 811 451 841 Roberto
470 810 659 849 Esingwold
678 820 736 850 pro
755 810 930 840 mobilibus
947 811 1012 841 suis
1073 836 1077 840 .

235 867 286 897 Dc
306 866 451 897 Roberto
470 867 651 906 Damport¹
670 876 729 905 pro
747 866 922 896 mobilibus
939 867 1004 897 suis

236 922 287 952 130
304 922 471 952 Willelmo
490 922 586 952 Pares
605 932 663 962 pro
680 922 856 952 mobilibus
873 922 938 952 suis
981 947 985 952 .

235 978 286 1008 130
301 977 454 1018 Johanne
472 978 665 1009 Gibbonson
683 988 742 1017 pro
760 977 934 1008 mobilibus
951 978 1017 1008 suis
1074 1003 1078 1008 .

235 1033 286 1063 De
301 1033 453 1073 Johanne
471 1034 589 1064 Dawes
607 1044 665 1073 pro
683 1033 858 1064 mobilibus
875 1034 940 1063 suis
979 1058 983 1063 .

235 1089 285 1119 130
301 1089 453 1129 Johanne
471 1089 590 1120 Bekctt
608 1100 665 1129 pro
684 1089 858 1119 mobilibus
876 1090 941 1119 suis
981 1115 984 1119 .

234 1145 285 1174 De
305 1145 451 1175 Roberto
470 1145 641 1181 Fraunces,
658 1145 819 1181 servienti,
837 1155 896 1184 pro
912 1145 1083 1185 stipendiis
1100 1146 1166 1176 suis

236 1200 286 1230 Dc
305 1200 479 1230 Francisco
499 1200 575 1230 Polc
592 1210 650 1240 pro
669 1200 843 1230 mobilibus
860 1201 926 1230 suis
979 1226 984 1231 .

235 1255 286 1286 De
305 1256 452 1286 Roberto
472 1256 617 1295 Hasilrig
634 1266 692 1296 pro
710 1256 885 1286 mobilibus
903 1256 984 1286 suis.

234 1311 285 1341 130
302 1311 470 1342 Willelmo
489 1312 645 1343 Shemeld
664 1322 722 1351 pro
740 1312 915 1342 mobilibus
932 1312 997 1342 suis

234 1367 285 1397 130
301 1367 454 1407 Johanne
471 1368 603 1398 Alestre
620 1378 678 1407 pro
696 1367 871 1398 mobilibus
888 1368 954 1398 suis
978 1392 983 1397 .

234 1423 286 1454 De
306 1424 450 1463 Hugone
467 1424 612 1455 Oldham
631 1434 689 1463 pro
707 1423 882 1454 mobilibus
899 1423 982 1453 suis.

234 1479 285 1509 130
304 1479 497 1510 Elizabetha
516 1479 678 1515 Durrand,
695 1479 801 1516 vidua,
819 1489 877 1518 pro
895 1479 1069 1509 mobilibus
1087 1480 1152 1509 suis
1169 1505 1173 1509 .

233 1535 285 1564 De
302 1535 470 1565 Willelmo
488 1535 598 1574 Barry,
615 1535 775 1571 servienti,
794 1545 852 1574 pro
869 1535 1040 1575 stipendiis
1057 1535 1122 1565 suis
1169 1561 1173 1565 .

235 1590 286 1620 130
302 1590 454 1630 Johanne
472 1590 614 1630 Clayton
633 1600 691 1630 pro
709 1590 884 1620 mobilibus
901 1590 983 1620 suis.

234 1645 285 1676 130
301 1646 453 1686 Johanne
469 1646 618 1686 Johnson
636 1656 694 1686 pro
712 1646 887 1676 mobilibus
904 1646 970 1675 suis

235 1701 286 1731 De
302 1701 456 1741 Johanne
473 1702 540 1741 Sye
558 1712 616 1741 pro
634 1701 809 1732 mobilibus
826 1702 891 1731 suis

236 1757 288 1787 De
308 1757 478 1788 Hamileto
498 1756 648 1797 Ratclyff
667 1767 725 1797 pro
743 1757 918 1787 mobilibus
935 1757 1000 1787 suis

236 1813 287 1843 De
303 1813 455 1853 Johanne
474 1813 549 1843 Erle
566 1823 624 1853 pro
643 1813 817 1843 mobilibus
835 1813 900 1843 suis

237 1868 288 1898 Dc
304 1869 489 1908 2Margeria
508 1869 614 1899 Broke
631 1868 680 1908 (?),
697 1869 803 1905 vidua,
821 1879 879 1908 pro
897 1869 1072 1899 mobilibus
1089 1869 1154 1899 suis
1170 1894 1174 1899 .

301 1924 454 1955 Summa:
478 1935 504 1954 v.
517 1924 545 1954 li.
561 1924 620 1964 xjs.
636 1924 698 1963 vjd.

761 1991 1002 2014 STONISTRET.

236 2049 287 2079 Dc
304 2049 471 2079 Willelmo
488 2049 588 2079 v&Vase
605 2059 663 2088 pro
681 2049 856 2079 mobilibus
873 2049 938 2079 suis
981 2074 986 2078 .

237 2105 288 2134 Dc
309 2104 453 2134 Henrico
473 2104 657 2134 Robertsha
675 2115 733 2144 pro
750 2104 925 2134 mobilibus
942 2105 1007 2135 suis

237 2160 289 2190 130
306 2160 474 2190 Willelmo
493 2160 615 2200 Foppis
632 2170 690 2199 pro
708 2160 883 2190 mobilibus
900 2161 965 2190 suis
982 2185 986 2189 .

236 2216 287 2245 Dc
302 2216 455 2255 Johanne
474 2216 594 2255 Denby
611 2226 669 2255 pro
687 2215 862 2245 mobilibus
879 2216 944 2245 suis
979 2241 984 2245 .

237 2271 287 2301 130
304 2271 415 2301 Alano
435 2271 544 2311 Roger
561 2281 619 2310 pro
637 2271 812 2301 mobilibus
829 2271 894 2300 suis

238 2327 288 2356 De
307 2327 449 2357 Ricardo
468 2326 584 2356 Pellett
602 2337 660 2366 pro
678 2326 853 2356 mobilibus
870 2326 935 2356 suis
981 2351 985 2355 .

303 2382 457 2413 Summa:
481 2393 523 2411 vs.
539 2381 624 2421 viijd.

715 2482 719 2492 ¹
740 2480 1049 2511 DamportzDavenport.

1425 256 1523 297 [1524

1358 421 1523 461 .x·j5.viijd.

1445 477 1522 517 viijs.

1446 533 1523 572 xijd.

1481 600 1523 619 vs.

1449 644 1524 684 iiijd.

1449 700 1524 739 iiijd.

1446 755 1524 795 xijd.

1448 811 1524 851 iiijd.

1446 867 1524 906 xijd.

1446 922 1524 962 xijd.

1448 978 1524 1018 iiijd.

1449 1034 1524 1074 iiijd.

1446 1089 1525 1129 xijd.

1448 1145 1524 1185 iiijd.

1360 1226 1364 1231 .
1414 1201 1524 1241 xviijd.

1492 1257 1524 1287 ls

1446 1312 1524 1352 xijd.

1448 1368 1524 1408 iiijd.

1452 1435 1524 1454 xxs.

1359 1479 1435 1519 .iijs.
1449 1479 1524 1519 iiijd.

1449 1535 1524 1575 iiijd.

1448 1591 1524 1631 iiijd.

1447 1647 1523 1686 iiijd.

1481 1712 1524 1734 VS.

1450 1758 1526 1798 iiijd.

1451 1814 1526 1854 iiijd.

1481 1881 1526 1910 ijs.

1446 2050 1525 2090 xijd.

1450 2106 1525 2145 iiijd.
1544 2118 1555 2142 3

1447 2161 1526 2201 xijd.

1449 2272 1525 2311 iiijd.

1447 2327 1525 2366 xijd.

1544 937 1573 955 10

1545 1215 1571 1240 15

1542 1491 1572 1509 20

1542 1770 1571 1795 ²5

1542 2394 1571 2419 35
