1627 2823
182 288 238 319 152
375 287 540 312 RECORDs
563 288 609 312 OF
633 288 709 312 THE
734 288 910 312 BOROUGII
935 287 981 313 OF
1007 288 1267 313 NOTTINGIIAM.
1369 281 1462 322 [1521

177 380 382 417 tenementis,
414 381 522 420 pratis,
554 381 718 418 clausuris,
751 381 887 421 pascuis,
921 381 1069 421 pasturis,
1101 381 1290 417 redditibus,
1321 381 1467 418 servitiis,

178 436 387 472 aisiamentis,
406 436 610 467 libertatibus
632 442 664 467 et
686 437 932 476 appruamentis
954 436 1077 467 eisdem
1097 437 1228 473 Domui,
1246 437 1420 468 Cantariae
1435 442 1468 468 et

177 492 339 532 Capellae,
357 502 412 523 seu
435 503 546 523 earum
569 493 672 529 alicui,
690 492 928 532 pertinentibus
950 497 982 523 et
1004 492 1237 532 spectantibus,
1253 492 1294 522 de
1319 492 1412 522 nobis
1435 497 1467 523 et

176 548 416 578 successoribus
456 549 574 579 nostris
614 548 720 585 libere,
755 548 872 588 quiete,
912 548 1037 588 integre
1076 553 1107 578 et
1148 547 1283 588 pacifice
1321 547 1468 588 praefato

179 603 324 634 Domino
352 604 502 635 Thomae
529 605 570 635 ad
603 609 708 635 totam
736 604 838 634 vitam
869 614 978 641 suam;
1014 603 1163 634 faciendo
1191 604 1267 634 inde
1298 603 1467 634 annuatim
1499 610 1512 636 5

177 659 372 699 capitalibus
399 660 542 691 dominis
571 660 656 691 feodi
685 660 769 690 illius
797 660 927 691 servitia
955 660 1030 690 inde
1057 659 1169 690 debita
1196 664 1228 690 et
1255 664 1419 696 consueta,
1436 663 1468 690 et

176 715 324 746 similiter
356 716 506 746 faciendo
545 726 582 746 ac
621 715 791 746 annuatim
830 715 1063 752 conservando,
1095 715 1234 745 durante
1264 714 1331 745 vita
1369 714 1469 755 ipsius

178 771 314 802 Domini
342 771 500 809 Thomae,
529 782 628 802 onera
655 771 903 811 subsequentia:
936 771 1066 807 scilicet,
1092 770 1309 801 sustentando
1336 775 1368 801 et
1395 770 1468 801 hos-

177 827 315 867 pitando
353 827 499 868 leprosos
538 828 579 859 de
618 828 768 859 libertate
799 827 894 858 villae
929 827 1144 867 Notingham'
1176 831 1279 864 natos,
1310 826 1468 863 videlicet,

176 883 351 923 unicuique
379 893 491 914 corum
518 894 575 923 per
602 888 666 914 tres
690 883 892 923 septimanas
920 893 1021 913 unum
1047 882 1248 913 busshellum
1273 882 1410 922 siliginis
1437 888 1468 913 et
1485 894 1514 912 ιο

177 939 321 978 pisarum
354 949 521 979 unumque
552 949 707 979 pannum,
736 939 829 979 pretii
861 939 1000 969 duorum
1033 938 1219 975 solidorum,
1245 937 1343 978 juxta
1370 938 1468 978 prim-

176 994 306 1025 itivam1
326 994 464 1025 formam
483 995 671 1026 donationis
691 1000 723 1025 et
740 994 940 1025 fundationis
966 994 1150 1034 Hospitalis
1175 993 1346 1034 praedicti;
1371 998 1470 1034 atque

176 1050 373 1081 celebrando
390 1051 420 1080 in
444 1050 591 1080 Ecclesia
616 1051 737 1081 Beatae
754 1051 879 1081 Mariae
902 1050 1116 1090 Notingham'
1135 1050 1271 1080 Missam
1288 1050 1329 1080 de
1346 1050 1470 1081 Sancta

177 1106 283 1136 Maria
299 1116 373 1136 cum
397 1111 475 1136 nota
498 1106 582 1136 trina
599 1107 668 1136 vice
685 1106 831 1146 qualibet
852 1106 1045 1146 septimana,
1062 1105 1192 1143 scilicet,
1210 1105 1262 1136 die
1285 1106 1468 1143 Dominica,

176 1168 294 1202 quarta
317 1168 349 1193 et
373 1167 470 1193 sexta
495 1162 587 1199 seriis,
606 1163 823 1193 ministrando
847 1163 944 1193 etiam
971 1163 1001 1192 in
1027 1161 1134 1193 officio
1160 1162 1298 1193 Diaconi
1323 1162 1468 1202 quolibet
1486 1173 1513 1198 ¹5

176 1218 260 1249 festo
291 1219 470 1258 principali,
504 1218 587 1249 festo
618 1219 738 1259 duplici
778 1224 810 1249 et
842 1219 1103 1258 quibuscumque
1134 1219 1248 1249 diebus
1281 1218 1403 1248 festivis
1438 1223 1469 1248 ct

178 1274 361 1304 Dominicis
385 1275 425 1304 ad
452 1274 588 1304 Missam
614 1275 829 1314 Principalem
855 1275 885 1304 in
911 1275 1026 1305 eadem
1052 1274 1195 1309 ecclesia,
1213 1274 1353 1313 legendo
1370 1274 1468 1305 etiam

176 1335 208 1361 et
233 1330 399 1360 cantando
423 1330 602 1366 Passiones,
621 1330 862 1370 Geonelegias,2
881 1330 1061 1370 Evangelia
1085 1335 1116 1360 et
1139 1329 1293 1361 Officium
1314 1329 1469 1360 celebrat-

178 1386 260 1416 ionis
277 1386 359 1416 cerei
379 1385 568 1422 Paschalis,³
582 1396 708 1416 necnon
727 1386 950 1417 interessendo
967 1391 998 1416 et
1012 1386 1206 1417 attentendo
1223 1385 1340 1416 divinis
1357 1385 1470 1416 officiis

180 1442 211 1471 in
233 1441 343 1473 Choro
364 1441 534 1481 principali
557 1442 713 1472 ecclesiae
735 1442 928 1482 praedictae,
947 1442 1134 1482 ibidemque
1156 1442 1321 1472 cantando
1338 1442 1469 1482 quibus·
1484 1453 1516 1470 20

176 1508 317 1537 cumque
333 1497 449 1527 diebus
467 1496 589 1527 festivis
607 1502 638 1527 et
658 1498 840 1528 Dominicis
857 1508 893 1528 ac
911 1498 1009 1528 etiarn
1027 1497 1288 1537 processionibus
1306 1497 1470 1528 ferialibus

176 1553 346 1584 annuatim
366 1553 413 1583 les
437 1552 571 1592 δαίτης
594 1553 661 1583 sive
683 1553 878 1594 Antiphona
903 1554 1068 1584 cotidiano
1093 1553 1123 1583 in
1149 1553 1383 1593 superpellicio,
1404 1553 1469 1593 leg—

177 1609 270 1639 itimo
302 1609 541 1648 impedimento
572 1614 728 1646 cessante,
757 1610 1050 1649 supportandoque
1081 1619 1118 1639 ac
1146 1608 1296 1639 faciendo
1322 1609 1469 1649 quando-

177 1675 318 1705 cumque
335 1664 397 1695 alia
414 1675 514 1695 onera
531 1665 607 1695 inde
625 1670 700 1696 ante
717 1665 796 1695 haec
817 1670 967 1705 tempora
983 1665 1101 1701 debita,
1120 1665 1239 1695 usitata
1256 1670 1288 1695 et
1305 1669 1468 1695 consueta.

244 1721 287 1751 Et
307 1720 332 1750 si
355 1721 535 1760 contingat,
553 1721 641 1760 quod
666 1721 772 1751 dictus
796 1721 958 1751 Dominus
983 1721 1130 1751 Thomas
1155 1721 1185 1750 in
1210 1720 1355 1757 servitiis,
1377 1730 1469 1750 oner-
1484 1731 1514 1757 25

179 1777 249 1806 ibus
275 1776 325 1806 vel
351 1776 538 1806 elemosinis
565 1777 739 1816 praedictis
763 1776 925 1813 defecerit,
942 1787 998 1807 seu
1025 1777 1055 1806 in
1083 1776 1192 1816 aliquo
1217 1776 1467 1816 praemissorum

177 1832 358 1872 deliquerit,
376 1838 432 1862 aut
457 1843 475 1862 a
499 1832 637 1863 servitiis
662 1833 836 1872 praedictis
858 1843 892 1863 se
916 1833 985 1863 sine
1008 1833 1138 1863 licentia
1159 1833 1200 1863 de
1226 1832 1352 1872 Majore
1375 1831 1470 1862 villae

179 1888 446 1928 Notinghamiae,
464 1888 518 1928 qui
541 1898 600 1928 pro
622 1893 770 1928 tempore
788 1888 890 1924 suerit,
908 1889 1010 1928 petita
1032 1893 1064 1918 et
1086 1898 1241 1918 concessa
1262 1898 1319 1927 per
1341 1892 1468 1927 septem

178 1945 247 1975 dies
268 1944 415 1984 quolibet
432 1944 598 1984 quarterio
623 1944 653 1974 in
680 1954 767 1974 anno
793 1944 999 1984 neclegenter
1023 1943 1242 1974 absentaverit
1267 1948 1300 1973 et
1324 1943 1470 1983 legitima

178 2010 277 2030 causa
298 2000 471 2036 obstiterit,
488 1999 538 2030 vel
561 2000 586 2029 si
609 1999 696 2030 idem
719 2000 866 2030 Thomas
888 1999 1020 2039 aliquod
1043 2003 1170 2030 vastum
1194 1999 1225 2028 in
1245 1998 1397 2029 domibus
1419 1997 1468 2028 vel
1485 2013 1516 2037 30

179 2055 209 2085 in
239 2055 346 2085 boscis
380 2055 573 2095 Hospitalis,
603 2055 778 2087 Cantariae
809 2060 865 2086 aut
897 2055 1052 2095 Capellae
1083 2055 1322 2094 praedictarum
1350 2054 1469 2091 fecerit,

179 2111 229 2142 vel
247 2111 379 2151 aliquod
398 2111 533 2142 boscum
555 2111 677 2142 ibidem
694 2111 874 2147 succiderit,
892 2111 952 2141 nisi
969 2109 1064 2141 suerit
1085 2120 1145 2150 pro
1166 2110 1346 2140 necessaria
1362 2119 1469 2150 repar-

179 2168 289 2198 atione
313 2173 345 2198 et
377 2167 618 2198 sustentatione
643 2167 816 2198 domorum
847 2166 1022 2206 Hospitali,
1047 2165 1221 2197 Cantariae
1252 2170 1284 2195 et
1316 2164 1470 2205 Capellae

179 2224 367 2263 praedictae
383 2223 617 2263 pertinentium
631 2228 663 2254 et
680 2223 741 2253 hoc
755 2232 820 2253 non
835 2222 894 2252 nisi
912 2231 969 2262 per
985 2221 1089 2251 visum
1107 2225 1139 2251 et
1152 2220 1315 2251 licentiam
1334 2220 1470 2260 Majoris

180 2279 275 2309 villae
308 2278 587 2318 Notynghamiae,
615 2279 669 2319 qui
698 2289 757 2318 pro
787 2283 936 2317 tempore
963 2277 1065 2313 suerit,
1094 2281 1216 2307 extunc
1247 2276 1330 2306 bene
1361 2275 1470 2306 licebit
1486 2281 1515 2307 35

181 2335 283 2369 nobis,
317 2334 443 2374 Majori,
480 2334 701 2374 Burgensibus
735 2339 767 2365 et
803 2333 1041 2366 Communitati
1082 2332 1176 2362 villae
1214 2332 1400 2372 praedictae
1438 2336 1470 2362 et

230 2430 234 2440 ¹
250 2428 435 2458 primitivam]
450 2427 636 2458 ‘priinaevam,’
650 2428 705 2452 ΜΞ.
924 2430 933 2444 ³
950 2427 1004 2451 The
1024 2427 1124 2451 Pascha!
1144 2430 1212 2458 taper
1227 2434 1276 2450 was
1293 2434 1306 2450 a
1321 2426 1387 2457 large
1402 2430 1470 2457 taper

227 2471 237 2481 ²
257 2467 441 2498 ‘geonelcgias‘
456 2478 477 2488 z
494 2468 683 2499 ‘gent-alogias!
723 2469 777 2493 The
876 2468 927 2492 that
949 2476 998 2492 was
1018 2467 1114 2492 blessed
1134 2467 1165 2498 by
1183 2475 1197 2491 a
1215 2467 1309 2491 deacon
1328 2467 1411 2491 before
1430 2467 1470 2490 [he

179 2508 279 2532 ‹lescent
292 2508 320 2532 os
335 2509 387 2532 Our
401 2509 503 2532 Saviour
516 2509 535 2532 is
548 2514 638 2533 meam.
875 2510 936 2533 altar
957 2518 988 2533 on
1011 2509 1097 2533 Easter
1119 2509 1177 2532 Eve.
1216 2509 1238 2532 It
1260 2516 1309 2532 was
1329 2508 1470 2532 afterwards
