1627 2823
236 265 298 295 422
435 263 600 288 RECORDS
623 263 670 288 OF
693 263 769 287 THE
793 262 970 287 BOROUGH
994 262 1041 287 OF
1066 262 1327 288 NOTTINGHAM.
1428 255 1528 296 [1516

234 355 396 396 capiendo
414 365 471 396 per
486 356 573 386 diem
592 355 695 395 xvjd.¹
744 355 787 386 Et
804 355 845 386 de
862 355 914 395 iiij.
927 355 956 385 li.
971 355 1039 395 iiijs.
1057 355 1172 387 solutis
1188 355 1332 396 Johanni
1353 355 1448 386 Hunt
1470 366 1529 396 pro

234 411 460 441 consimilibus
492 411 632 451 negotiis
667 421 726 450 pro
757 411 858 442 tantis
888 411 1004 442 diebus
1035 411 1143 442 dictae
1174 412 1269 442 villae
1307 411 1528 452 tangentibus,

234 467 396 507 capiendo
413 477 470 507 per
486 467 574 497 diem
592 466 695 506 xvjd.¹

301 522 385 553 Item
404 527 521 562 petunt
538 522 670 553 allocari
687 522 728 552 de
751 547 757 552 .
782 547 787 552 .
812 546 817 552 .
843 521 903 552 xls.
921 522 1037 553 solutis
1059 523 1204 563 Johanni
1226 523 1390 560 Morcton,
1407 523 1435 554 ei
1452 532 1529 553 con-

233 578 332 609 cessis
349 588 406 618 per
423 577 706 610 Communitatem
725 577 765 608 ad
783 577 959 608 terminum
977 578 1064 609 vitae
1080 589 1165 610 suae.
1303 580 1384 611 1660
1396 579 1417 610 b
1433 589 1528 610 verso.

233 746 563 777 VI.——Prcscntmcnl
576 750 612 776 at
627 745 678 776 tlte
695 745 842 777 Sessions
856 746 898 785 of
912 756 955 776 an
971 745 1117 786 Allempt
1132 751 1162 777 to
1177 746 1321 777 lllnrder
1334 745 1385 777 tlte
1400 746 1526 786 Asayor.

762 815 850 853 1516,
866 814 945 854 July
962 822 1009 844 21.

298 882 467 922 Juratores
498 882 621 919 dicunt,
652 892 750 922 super
780 886 1023 913 sacramentum
1055 892 1159 920 suum,
1190 883 1279 923 quod
1311 893 1385 914 cum
1417 892 1529 923 nuper,

234 938 394 975 videlicet,
411 943 530 968 octavo
555 938 608 968 die
632 937 730 977 Junii,
747 947 835 968 anno
859 938 948 977 regni
976 938 1076 978 Regis
1104 938 1238 969 HenriCi
1262 939 1380 970 Octavi
1402 944 1529 976 oetam,

234 993 370 1033 quidam
396 993 598 1023 venerabiles
624 993 690 1030 viri,
707 993 867 1030 videlicet,
885 993 1001 1024 Abbas
1027 994 1068 1024 de
1095 994 1187 1031 Dale,
1207 995 1296 1025 Prior
1321 995 1362 1025 de
1390 995 1529 1032 Lenton,

233 1054 266 1079 ct
297 1049 446 1079 Thomas
478 1049 619 1086 Mellers,
648 1049 758 1089 Major
788 1049 884 1079 villae
916 1049 1140 1089 Notingliam’,
1167 1060 1293 1081 necnon
1326 1051 1444 1081 diversi
1476 1051 1528 1081 alii

234 1104 363 1135 honesti
388 1104 455 1141 viri,
473 1104 603 1135 fuerunt
620 1104 750 1134 insimul
773 1104 989 1135 amicabiliter
1010 1111 1042 1136 et
1065 1105 1226 1136 laetanter
1247 1107 1530 1137 communicantes

234 1165 267 1191 et
295 1160 445 1191 bibentes
472 1160 584 1190 vinum
613 1161 644 1190 in
672 1161 773 1191 domo
800 1160 972 1200 cujusdam
999 1162 1161 1201 Johannis
1189 1162 1406 1199 WVilliamson,
1435 1163 1530 1193 unius

233 1215 514 1247 Aldermanorum
550 1216 646 1246 villae
677 1216 872 1256 praedictae,
904 1217 935 1247 in
972 1218 1141 1249 Comitatu
1177 1218 1274 1249 villae
1305 1218 1530 1259 Notingham',

233 1271 410 1312 praedictis
435 1271 571 1302 Abbate
596 1276 628 1302 et
658 1271 766 1302 Priore
793 1282 867 1302 cum
897 1273 967 1303 aliis
994 1274 1185 1305 sedentibus
1213 1275 1254 1305 ad
1282 1275 1416 1306 interius
1445 1275 1530 1306 latus

234 1338 367 1358 mensae
391 1327 522 1364 ibidem,
540 1337 577 1358 ac
602 1327 800 1368 [praedic]to
824 1328 952 1368 Majore
976 1334 1009 1359 et
1033 1329 1103 1360 aliis
1122 1329 1185 1360 fide
1207 1330 1315 1370 dignis
1339 1330 1530 1361 sedentibus

233 1384 273 1414 ad
291 1384 436 1414 exterius
455 1383 539 1414 latus
556 1383 665 1414 dictae
682 1393 823 1421 mensae,
841 1384 977 1424 quidam
1001 1384 1165 1416 chricus
1183 1386 1311 1426 Stepar,
1328 1387 1370 1417 de
1387 1386 1529 1426 Noting-

230 1439 316 1475 ham,
343 1439 375 1469 in
401 1439 571 1471 Comitatu
597 1439 693 1469 villae
719 1439 943 1479 Notingham',
969 1451 1093 1478 mercer,
1119 1441 1149 1471 vi
1175 1447 1208 1472 et
1234 1442 1341 1479 armis,
1367 1442 1528 1479 videlicet,

232 1495 399 1535 daggario,
423 1495 484 1532 die,
509 1494 589 1531 loco,
614 1499 646 1525 et·
672 1505 759 1525 anno
784 1496 970 1535 praedictis,
987 1496 1097 1528 subito
1123 1497 1248 1528 intrans
1273 1498 1410 1528 domurn
1437 1508 1529 1538 prae-

231 1551 355 1581 dictam
378 1561 452 1581 cum
477 1551 622 1590 quodam
644 1551 780 1591 dagario
805 1561 865 1581 suo
890 1557 1015 1583 secrete
1039 1558 1191 1584 extracto
1216 1558 1248 1584 et
1273 1553 1469 1584 abscondito
1495 1553 1526 1584 in

231 1607 360 1637 manica
386 1617 452 1643 sua,
481 1616 668 1647 proponens
699 1607 741 1637 ad
773 1606 1035 1638 interficiendum
1067 1613 1100 1639 et
1132 1609 1369 1639 murdrandum
1398 1609 1525 1640 dictum

233 1662 405 1702 Mnjorem,
432 1662 597 1702 paulisper
621 1662 713 1692 stetit
738 1662 780 1693 ad
805 1663 939 1693 dorsum
965 1664 1044 1694 dicti
1073 1663 1210 1704 Majoris
1235 1670 1268 1696 et
1293 1665 1402 1696 subito
1430 1675 1527 1705 super

231 1718 404 1748 humerum
429 1718 597 1748 sinistrum
621 1717 721 1758 ipsius
744 1717 882 1758 Majoris
903 1729 977 1749 cum
1000 1720 1170 1759 praedicto
1186 1720 1345 1761 daggario
1367 1721 1527 1761 percussit

231 1774 338 1814 ipsum
361 1774 392 1803 in
410 1773 541 1804 sinistro
563 1773 696 1803 brachio
713 1778 744 1804 et
762 1773 793 1803 in
815 1773 947 1805 sinistro
964 1774 1072 1812 latere,
1090 1780 1122 1806 ct
1138 1776 1230 1807 dedit
1251 1776 1279 1806 ei
1296 1777 1378 1807 duas
1395 1777 1527 1817 plagas;

231 1835 271 1866 et,
283 1839 383 1869 quam
401 1829 466 1859 cito
484 1829 570 1859 idem
592 1829 754 1859 Henricus
771 1829 816 1859 sic
830 1829 958 1867 fecerat,
972 1831 1082 1861 subito
1099 1831 1202 1862 exivit
1215 1832 1360 1869 domum,
1374 1832 1528 1864 velociter

231 1895 362 1916 currens
394 1885 435 1916 ad
469 1884 650 1915 Ecclesiam
684 1885 797 1916 Sancti
831 1885 924 1922 Petri,
956 1891 988 1917 et
1020 1886 1114 1926 petiit
1146 1887 1267 1918 ibidem
1300 1887 1527 1928 privilegium²

233 1940 408 1977 Ecclesiae,
426 1949 573 1971 asserens
595 1950 629 1970 se
646 1939 768 1970 ibidem
791 1941 964 1971 manifeste
986 1941 1186 1973 interfecisse
1202 1943 1326 1974 dictum
1348 1943 1526 1984 Majorem:

231 1997 262 2027 in
286 1995 504 2036 perniciosum
528 1995 719 2035 exemplum
742 1995 879 2027 aliorum
903 1997 1161 2036 malefactorum,
1179 1999 1239 2029 nisi
1262 1999 1426 2040 condigna
1443 2010 1525 2040 pun-

233 2052 290 2083 itio
307 2050 476 2092 sequitur‚3
1338 2064 1373 2086 21
1391 2056 1421 2092 d,
1439 2066 1480 2086 ro.
1497 2065 1525 2094 4

280 2141 286 2151 ¹
306 2137 647 2168 Theselooklikepnymcnts
655 2137 692 2161 for
701 2138 830 2169 attending
929 2144 1024 2163 returns
1036 2140 1064 2164 os
1078 2140 1126 2164 this
1141 2140 1288 2165 I'nrliament
1301 2149 1342 2165 are
1354 2141 1459 2171 known3
1473 2142 1524 2171 but,

233 2179 273 2202 the
293 2179 441 2202 Parliamem
460 2178 606 2201 summoned
625 2177 656 2209 by
672 2178 758 2209 Henry
771 2179 828 2207 VI„
928 2180 948 2204 il'
969 2180 1010 2204 the
1034 2181 1113 2205 above
1133 2183 1285 2213 assumption
1306 2183 1337 2206 be
1359 2187 1461 2210 correct.
1485 2183 1526 2207 ibe

231 2220 320 2251 during
343 2220 381 2243 his
405 2219 470 2243 brief
490 2219 644 2247 restoration,
670 2224 695 2242 to
718 2223 782 2243 meet
805 2224 828 2243 at
929 2229 1013 2245 names
1041 2222 1069 2245 os
1094 2222 1204 2246 Thomas
1233 2223 1374 2254 Babington
1398 2223 1450 2252 (the
1478 2224 1525 2247 Re-

231 2261 404 2284 u’cstniinster
421 2269 452 2283 un
470 2260 611 2283 November
624 2260 662 2288 26,
681 2265 754 2289 ι470;
772 2261 827 2284 li’ol.
928 2262 1025 2291 corder)
1038 2263 1086 2286 and
1108 2263 1174 2294 John
1195 2263 1265 2287 Ilum
1285 2272 1340 2295 may
1352 2264 1383 2287 be
1400 2264 1482 2287 added
1501 2267 1526 2287 to

231 2302 292 2325 Lill.
316 2301 410 2329 Clam„
433 2308 465 2330 49
487 2302 552 2324 llcn.
579 2301 635 2328 x·1.,
658 2309 690 2323 111.
711 2301 751 2324 bd.
790 2301 830 2324 No
929 2302 970 2326 the
999 2303 1039 2326 list
1067 2303 1096 2327 of
1122 2303 1287 2335 Nottingham
1311 2304 1523 2336 representatives.

1547 1120 1576 1138 10

1547 1398 1574 1425 Ι5

1541 1682 1574 1700 20

1542 1957 1572 1983 ²5
