1627 2823
193 264 235 302 98
392 268 557 293 REcoizns
580 267 626 292 oF
650 267 726 291 THE
750 265 926 291 BOROUGH
951 265 997 290 OF
1023 264 1285 290 NOTTINGHAM.
1393 255 1488 296 [1505

196 363 327 399 tatibus,
352 361 536 402 privilegiis,
554 359 751 401 quietantiis,
774 358 1036 389 immunitatibus
1061 357 1122 387 illis
1147 365 1292 396 unquam
1317 359 1392 396 post
1416 364 1491 385 con-

197 418 370 449 fectionem
400 422 562 448 cartarum
588 421 620 447 et
649 416 829 446 litterarum
856 414 1097 454 praedictarum
1124 411 1359 442 rationabiliter
1386 410 1432 441 uti
1460 415 1492 441 et

198 475 340 514 gaudere
357 477 605 509 consueverunt,
623 475 808 512 potuerunt,
827 469 875 500 vel
893 469 1084 500 debuerunt.

264 531 301 561 In
320 530 412 570 eujus
430 530 472 559 rei
491 528 716 560 testimonium
734 527 793 557 has
810 526 933 556 litteras
951 530 1079 556 nostras
1097 524 1163 554 fieri
1181 523 1316 554 fecimus
1333 527 1491 563 patentes.

199 586 299 617 Teste
324 596 376 616 me
400 586 471 625 ipso
496 584 582 624 apud
605 581 945 618 Westmonastcrium,
963 585 1080 621 quarto
1101 580 1154 610 die
1177 579 1273 620 Junii,
1291 589 1378 609 anno
1402 578 1493 617 regni

199 642 300 672 nostri
317 641 479 672 vicesimo.

600 695 660 724 l'ro
680 693 814 733 triginta
836 698 867 723 et
890 692 992 723 tribus
1014 692 1126 722 solidis
1148 696 1180 722 ct
1197 696 1338 731 quatuor
1354 690 1494 721 denariis

685 749 799 780 solutis
817 749 848 778 in
869 748 1067 788 Hanaperio.

1355 801 1492 832 Hatton.

1404 866 1440 896 4¹
1449 864 1498 896 75.

356 974 648 1004 LX.—lndcntm-e
665 972 842 1011 mgm'dz'ng
855 971 1010 1010 Dclively
1026 971 1066 1010 of
1083 970 1132 1000 tlte
1151 970 1236 1001 Gaol
1249 969 1285 1009 by
1301 969 1350 999 tllc

564 1029 626 1059 lale
644 1027 784 1068 Sltcrg'ffs
800 1032 829 1057 to
846 1027 930 1057 their
946 1026 1133 1057 Successors.

671 1103 757 1134 1505,
777 1094 972 1135 September
990 1102 1036 1132 30.

272 1166 364 1196 Haec
392 1165 566 1195 indentura
594 1163 680 1194 sacta
707 1163 823 1194 ultimo
848 1163 900 1193 die
930 1161 1142 1202 Septembri5‚
1166 1171 1253 1191 anno
1281 1161 1371 1200 regni
1400 1160 1499 1200 Regis

207 1222 341 1253 Henrici
360 1220 499 1260 Septimi
517 1219 630 1259 xxjfflO,
644 1219 727 1249 inter
745 1218 943 1248 Nicholaum
963 1217 1073 1248 Rodes
1090 1222 1122 1248 et
1137 1216 1299 1256 Jacobum
1319 1216 1502 1256 Brasonby,

206 1288 309 1318 nuper
334 1276 555 1308 Vicecomites
580 1274 676 1305 villae
702 1273 925 1313 Notingham¹,
950 1283 992 1304 ex
1020 1283 1086 1303 una
1113 1277 1213 1313 parte,
1239 1277 1271 1303 et
1297 1271 1501 1302 Willelmum

207 1333 351 1373 Kyrkby
368 1337 400 1363 et
421 1331 624 1362 W’illelmum
647 1330 805 1370 Johnson,
823 1339 908 1359 nunc
926 1328 1146 1359 Vicecomites
1168 1327 1316 1368 ejusdem
1340 1327 1443 1363 villae,
1461 1337 1504 1357 ex

209 1390 311 1420 altera
327 1393 427 1429 parte,
445 1391 591 1424 testatur,
604 1386 692 1426 quod
711 1385 868 1425 praedicti
886 1395 989 1425 nuper
1005 1384 1225 1415 Vicecomites
1242 1383 1504 1414 deliberaverunt

209 1444 363 1485 praefatis
385 1453 471 1473 nunc
494 1441 753 1473 vicecomitibus
770 1440 935 1480 quendam
959 1440 1124 1470 Thomam
1144 1440 1266 1475 Deane,
1284 1439 1448 1479 prisonem
1472 1439 1502 1468 in

211 1500 316 1532 Gaola
335 1499 431 1530 villae
456 1497 670 1537 Notingham¹
691 1496 889 1527 existentem
915 1506 973 1536 pro
998 1495 1117 1535 xxiijs.,
1135 1495 1166 1524 in
1184 1494 1302 1534 quibus
1326 1494 1504 1534 condemp-

210 1562 306 1587 natus
323 1560 372 1586 est
388 1564 499 1585 versus
518 1554 685 1593 Rogerum
705 1552 872 1592 Denyson,
890 1552 931 1582 de
950 1552 1072 1582 Burton
1090 1551 1193 1591 Jorce,
1211 1551 1242 1580 in
1266 1550 1387 1590 placito
1403 1550 1504 1580 debiti

210 1623 267 1652 per
283 1611 506 1651 cognitionem
523 1619 614 1639 suam
634 1608 808 1648 propriam,
826 1612 857 1638 et
880 1617 938 1647 pro
956 1607 1036 1647 xijs.‚
1055 1607 1085 1636 in
1103 1606 1221 1646 quibus
1243 1606 1506 1645 condempnatus

211 1672 260 1698 est
282 1677 392 1697 versus
416 1665 620 1705 Johannem¹
645 1663 769 1703 Selyok
795 1663 826 1693 in
850 1663 913 1693 alio
939 1663 1060 1702 placito
1082 1662 1183 1692 debiti
1206 1672 1262 1702 per
1283 1661 1505 1701 cognitionem

211 1733 304 1753 suam
322 1722 495 1762 propriam.
545 1721 629 1751 Item
653 1720 750 1750 iidem
774 1729 877 1759 nuper
894 1718 1115 1749 Vicecomites
1132 1718 1393 1748 deliberaverunt
1415 1727 1506 1757 prae-

213 1778 287 1809 fatis
311 1787 396 1807 nunc
414 1775 673 1807 Vicecomitibus
697 1784 798 1805 unum
823 1774 920 1804 breve
937 1774 977 1804 de
1001 1773 1088 1813 cngz'
1098 1773 1210 1812 facias
1231 1773 1446 1804 deliberatum
1467 1773 1507 1803 de

213 1834 355 1869 recordo,
385 1832 580 1863 retornabile
608 1841 718 1861 coram
747 1830 936 1870 Justitiariis
965 1829 1099 1859 Domini
1131 1829 1231 1869 Regis
1258 1829 1299 1859 de
1331 1828 1507 1861 Communi

216 1891 326 1920 Banco
351 1899 369 1919 a
392 1889 445 1918 die
470 1887 583 1919 Sancti
609 1886 737 1917 Hillarii
763 1887 794 1916 in
820 1896 871 1916 xv.
895 1885 972 1922 (lies,
991 1885 1031 1915 ad
1056 1889 1179 1914 sectam
1203 1884 1364 1924 Johannis
1389 1884 1508 1914 Howet

215 1956 325 1976 versus
348 1944 513 1975 Thomam
536 1942 665 1979 Barbcr,
682 1941 898 1982 capellanum,
916 1941 947 1970 in
970 1940 1091 1980 placito
1108 1940 1209 1970 debiti
1231 1950 1328 1980 super
1344 1939 1509 1970 demanda

216 2009 259 2032 cs.
309 2001 393 2031 Item
416 2009 517 2029 unum
540 1998 627 2028 aliud
651 1998 747 2028 breve
771 1997 812 2027 de
835 1996 923 2035 exegi
935 1996 1048 2035 facias
1069 1995 1265 2026 retornabile
1287 2005 1396 2025 coram
1418 2005 1509 2035 prae-

217 2056 291 2087 fatis
329 2055 517 2095 justitiariis
550 2055 580 2084 in
620 2053 762 2084 crastino
801 2052 914 2084 Sancti
956 2051 1098 2087 MartinI,
1130 2052 1171 2081 ad
1210 2056 1333 2082 sectam
1375 2050 1509 2081 Henrici

218 2112 419 2151 Willughby,
446 2110 565 2146 militis,
591 2119 701 2139 versus
726 2108 912 2148 Johannem
938 2107 1109 2143 Trewsale,
1134 2117 1237 2146 nuper
1260 2107 1300 2137 (le
1328 2106 1510 2145 Lougham,

219 2168 250 2198 in
273 2167 394 2207 placito
411 2166 511 2196 debiti
538 2176 567 2195 x.
581 2165 608 2194 li.
658 2164 741 2194 Item
762 2164 782 2203 j.
801 2163 888 2193 aliud
912 2163 1008 2193 breve
1024 2163 1066 2192 de
1086 2162 1295 2202 &frgi-facias
1316 2161 1511 2193 retornabile

1517 865 1546 883 10

1522 1395 1549 1422 ¹5

1522 1676 1553 1693 20

1525 1953 1554 1979 ²5

219 2232 329 2253 coram
361 2220 515 2262 praefatis
545 2219 733 2259 justitiariis
762 2219 793 2248 in
825 2218 967 2248 crastino
999 2218 1112 2250 Sancti
1145 2218 1287 2255 Martini,
1315 2218 1355 2248 ad
1387 2222 1510 2248 sectam
1527 2230 1558 2255 30

222 2278 353 2309 Ricardi
379 2276 536 2307 Mellours
560 2285 670 2305 versus
692 2274 878 2314 Johannem
903 2274 1022 2305 Creket
1046 2279 1077 2304 et
1102 2273 1182 2304 alios
1204 2274 1236 2303 in
1259 2273 1380 2314 placito
1401 2273 1511 2309 debiti,

221 2340 279 2365 etc.
328 2334 412 2364 Item
441 2332 567 2362 diversa
595 2330 659 2360 alia
689 2330 799 2360 brevia
826 2329 1030 2369 exequenda,
1058 2334 1115 2360 ete.
1165 2329 1248 2359 Item
1281 2329 1378 2359 iidem
1411 2337 1513 2368 nuper

222 2389 442 2421 Vicecomites
474 2386 735 2417 deliberaverunt
772 2384 925 2425 praefatis
963 2395 1048 2414 nunc
1085 2385 1342 2415 Vicecomitibus
1374 2389 1514 2424 quatuor

577 2482 582 2493 ¹
604 2479 772 2512 ‘Johannem’
786 2480 805 2504 is
818 2479 914 2504 written
927 2479 998 2504 twice
1011 2479 1035 2504 in
1048 2479 1088 2502 the
1102 2478 1156 2503 MS.
