1627 2823
211 269 269 299 126
403 275 567 300 uncoRns
591 275 636 299 OF
660 275 736 299 Tur:
761 274 936 300 nonomen
961 275 1007 300 OF
1033 275 1293 300 Norrmcflmu.
1394 268 1492 309 [¹514

207 368 381 399 Cantariae
398 368 438 398 de
459 368 636 399 XVollaton'
653 378 696 398 ex
719 373 811 408 parte
831 367 996 405 orientali;
1020 378 1056 398 ac
1074 368 1172 398 etiam
1195 377 1293 398 unam
1317 367 1492 408 parcellam

205 429 308 454 terrae
333 424 374 454 de
399 424 565 454 communi
593 423 664 454 solo
691 423 837 464 ejusdem
866 423 961 454 villae
988 424 1161 464 praedictis
1189 423 1362 454 duodecim
1391 423 1492 454 buttis

205 484 308 509 terrae
332 479 538 519 adjacentem
566 489 640 509 cum
669 479 771 509 rivulo
795 480 836 509 ad
862 479 946 510 latus
973 479 1114 510 australe
1137 479 1284 520 ejusdem
1309 479 1492 509 communis

206 535 264 565 soli
295 540 507 566 concurrente
532 535 630 575 juxta
653 535 835 565 clausuram
864 535 1016 575 Guyldae
1042 536 1184 567 Sanctae
1211 535 1381 565 Trinitatis
1410 535 1492 566 Not-

205 590 362 630 ingharn’:
394 591 569 626 habendas,
597 591 756 621 tenendas
784 595 816 621 et
843 591 1075 621 custodiendas
1103 590 1286 631 praedictas
1310 590 1490 621 duodecem

205 646 315 676 buttas
337 651 441 677 terrae
462 656 499 676 ac
521 647 722 686 praedictam
747 646 922 686 parcellam
945 651 1048 677 terrae
1069 646 1111 677 de
1131 646 1297 676 communi
1322 646 1392 676 solo
1416 656 1490 676 cum

205 701 307 732 rivulo
333 702 501 742 praedicto
525 702 570 732 sic
595 702 734 732 inclusas
758 707 790 732 et
815 703 846 732 in
871 703 1007 742 separali
1032 703 1120 733 omni
1146 707 1294 742 tempore
1317 702 1393 732 anni
1421 706 1490 732 ten-

204 758 305 788 endas
337 768 411 788 cum
443 757 580 794 fossatis,
613 757 765 798 saepibus
796 758 876 788 vivis
903 768 940 788 ac
973 758 1116 795 mortuis,
1141 768 1206 788 una
1236 767 1310 788 cum
1338 757 1491 788 omnibus

204 812 363 852 proficuis,
386 814 676 844 commoditatibus
700 818 732 844 et
755 813 955 845 aisiamentis
979 814 1239 854 quibuscumque
1263 814 1385 844 eisdem
1411 813 1490 844 duo-

203 869 316 899 decem
342 869 442 900 buttis
467 874 499 900 et
520 869 681 909 parcellae
704 874 808 900 terrae
830 870 1016 909 praedictae
1038 869 1275 909 pcrtinentibus
1296 869 1364 899 sive
1385 873 1490 909 spect-

203 925 342 962 antibus,
369 925 517 965 praefato
541 925 683 965 Johanni
711 926 785 965 Sye,
813 925 986 956 heredibus
1014 930 1046 956 et
1073 924 1247 965 assignatis
1275 925 1340 955 suis
1373 925 1489 964 imper-

203 985 347 1021 petuum,
373 981 496 1021 absque
528 981 637 1021 aliquo
669 981 914 1021 impedimento,
940 981 1129 1020 gravamine
1159 990 1215 1010 seu
1247 979 1492 1020 perturbatione

203 1037 303 1067 nostri
321 1037 561 1076 praedictorum
580 1036 715 1076 Majoris
732 1042 764 1067 et
784 1037 1007 1077 Burgensium,
1021 1036 1176 1066 heredum
1195 1040 1251 1066 aut
1268 1045 1490 1066 successorum

203 1097 387 1123 nostrorum
417 1093 673 1133 imperpetuum:
708 1092 876 1123 reddendo
907 1092 983 1122 inde
1010 1092 1180 1122 annuatim
1211 1091 1305 1122 nobis
1337 1090 1491 1131 praefatis

204 1148 321 1188 Majori
351 1153 382 1179 et
412 1149 641 1188 Burgensibus,
658 1148 831 1178 heredibus
859 1152 891 1178 et
915 1147 1155 1178 successoribus
1183 1147 1310 1184 nostris,
1327 1147 1368 1177 ad
1396 1157 1490 1177 usum

203 1204 302 1234 totius
325 1204 581 1236 Communitatis
598 1204 693 1234 villae
716 1203 939 1243 Nofingham’,
955 1204 1038 1233 duos
1060 1203 1182 1233 solidos
1204 1202 1316 1242 legalis
1339 1207 1491 1233 monetae

202 1259 345 1299 Angliae
373 1260 413 1290 ad
440 1259 522 1290 festa
547 1259 820 1290 Annuntiationis
847 1259 967 1290 Beatae
995 1259 1120 1289 Mariae
1146 1259 1291 1298 Virginis
1319 1263 1351 1289 et
1377 1258 1490 1290 Sancti

203 1315 373 1345 Michaelis
390 1315 591 1355 Archangeli
609 1315 778 1345 annuatim
796 1315 971 1345 solvendos
987 1315 1099 1355 aequis
1116 1314 1328 1354 portionibus

268 1370 480 1410 Ulteriusque
497 1371 606 1401 sciatis
623 1380 682 1400 nos
699 1370 863 1410 praefatos
881 1371 1042 1410 Majorem
1064 1375 1096 1401 et
1120 1370 1303 1410 Burgenses
1320 1370 1489 1407 remisisse,

202 1425 366 1456 relaxasse
394 1436 431 1456 ac
458 1427 593 1456 omnino
620 1436 680 1466 pro
708 1426 809 1463 nobis,
838 1426 1011 1457 heredibus
1038 1431 1070 1456 et
1101 1425 1340 1456 successoribus
1371 1425 1489 1456 nostris

201 1482 451 1522 imperpetuum,
468 1483 616 1522 quietum
640 1482 800 1512 clamasse
823 1481 971 1522 praefato
993 1482 1136 1522 Johanni
1162 1482 1236 1521 Sye,
1261 1481 1433 1512 heredibus
1457 1487 1489 1512 et

201 1537 374 1577 assignatis
398 1538 472 1575 suis,
489 1542 596 1568 totum
618 1537 671 1578 jus
693 1543 850 1575 nostrum,
867 1548 1078 1568 communam
1103 1542 1255 1578 pasturae
1278 1542 1311 1568 et
1334 1537 1490 1568 interesse

201 1593 440 1633 quodcumque,
458 1599 559 1633 quae1
586 1603 741 1633 umquam
764 1593 947 1631 habuimus,
964 1594 1122 1624 habemus
1144 1603 1199 1624 seu
1217 1593 1435 1633 quovismodo
1457 1593 1488 1623 in

201 1648 309 1679 futuro
332 1648 452 1679 habere
475 1649 655 1689 poterimus
674 1649 716 1679 de
737 1654 769 1680 et
793 1649 824 1679 in
847 1649 1021 1689 praedictis
1043 1649 1145 1680 buttis
1166 1654 1198 1680 et
1223 1649 1364 1689 parcella
1385 1653 1489 1680 terrae

200 1705 241 1735 de
264 1705 430 1735 communi
453 1704 523 1735 solo
547 1705 593 1735 sic
618 1704 749 1735 Inclusis
775 1705 988 1745 imposterum
1015 1704 1182 1741 habendis,
1198 1704 1410 1735 vendicandis
1432 1715 1488 1735 seu

200 1759 310 1800 aliquo
327 1761 426 1791 modo
443 1760 640 1798 clamandis;
664 1770 701 1791 ac
718 1761 816 1791 etiam
834 1765 941 1792 toturn
956 1761 1009 1801 jus
1026 1765 1182 1797 nostrum,
1199 1764 1331 1797 statum,
1347 1760 1488 1797 titulum,

200 1815 370 1853 clameum,
395 1816 550 1846 interesse
575 1821 607 1847 et
632 1816 805 1853 demanda,
829 1827 913 1857 quae
938 1826 1095 1857 umquam
1121 1816 1304 1853 habuimus,
1329 1815 1488 1846 habemus

199 1881 255 1901 seu
283 1871 501 1911 quovismodo
529 1872 560 1902 in
589 1871 697 1902 futuro
725 1872 845 1902 habere
872 1872 1060 1912 poterimus,
1089 1877 1145 1902 aut
1175 1871 1312 1902 heredes
1339 1871 1389 1902 vel
1417 1881 1488 1902 suc-

199 1936 342 1956 cessores
366 1927 466 1958 nostri
491 1927 610 1957 habere
634 1927 784 1967 poterint,
801 1928 842 1958 de
866 1928 915 1958 vel
939 1928 969 1958 in
993 1928 1167 1968 praedictis
1183 1927 1364 1958 duodecem
1387 1927 1487 1958 buttis

200 1986 231 2012 et
259 1982 400 2021 parcella
426 1987 530 2012 terrae
557 1983 598 2013 de
627 1983 697 2013 solo
724 1983 900 2020 communi,
928 1994 1002 2014 cum
1034 1983 1100 2014 suis
1131 1983 1342 2023 pertinentiis
1369 1988 1424 2014 aut
1455 1983 1486 2014 in
1504 1998 1515 2006 η

200 2037 309 2077 aliqua
326 2038 466 2078 parcella
483 2039 668 2068 earundem.

265 2094 308 2124 Et
331 2104 390 2123 nos
407 2104 483 2124 vero
502 2095 659 2134 praedicti
684 2094 791 2134 Major
812 2100 844 2125 et
868 2095 1059 2135 Burgenses,
1076 2095 1211 2125 heredes
1233 2099 1265 2125 et
1286 2105 1487 2126 successores

201 2150 310 2186 nostri,
338 2150 522 2189 praedictas
549 2150 731 2180 duodecem
759 2150 870 2181 buttas
901 2155 933 2181 et
959 2151 1080 2181 dictam
1109 2150 1283 2191 parcellam
1315 2155 1420 2181 terrae
1446 2151 1487 2181 de

199 2206 365 2236 communi
390 2205 460 2235 solo
484 2215 557 2235 cum
583 2205 685 2236 rivulo
709 2206 877 2245 praedicto
900 2206 945 2236 sic
970 2205 1110 2236 inclusas
1133 2205 1310 2242 habendas,
1327 2206 1487 2236 tenendas

199 2267 231 2292 et
255 2261 495 2298 custodiendas,
519 2271 593 2291 cum
619 2260 756 2298 fossatis,
780 2261 933 2301 saepibus
957 2261 1037 2291 vivis
1061 2271 1098 2291 ac
1123 2261 1267 2297 mortuis,
1291 2260 1386 2296 simul
1411 2271 1485 2291 cum

199 2317 351 2347 omnibus
375 2316 535 2357 proficuis,
560 2317 760 2348 aisiamentis
784 2322 817 2347 et
840 2317 1132 2347 commoditatibus
1156 2317 1279 2347 eisdem
1303 2317 1485 2347 duodecem

200 2373 301 2403 buttis
325 2377 356 2403 et
381 2373 541 2412 parcellae
565 2378 668 2403 terrae
690 2373 923 2412 spectantibus,
940 2382 1014 2403 cum
1036 2373 1189 2403 omnibus
1210 2372 1280 2402 aliis
1302 2377 1333 2402 ct
1350 2372 1485 2411 singulis

199 2428 264 2458 suis
288 2428 499 2467 pertinentiis,
522 2427 669 2467 praefato
692 2427 835 2467 Johanni
861 2428 936 2468 Sye,
960 2428 1133 2458 heredibus
1157 2433 1190 2458 et
1213 2428 1387 2467 assignatis
1411 2428 1484 2463 suis,

200 2494 257 2523 pro
281 2484 449 2523 praedicto
473 2483 601 2514 redditu
625 2483 764 2513 duorum
788 2483 966 2514 solidorum
991 2493 1048 2524 per
1071 2493 1202 2520 annum,
1222 2487 1257 2514 ut
1281 2483 1483 2523 praedictum

1508 882 1537 900 10

1508 1158 1535 1184 ¹5

1504 1438 1536 1456 20

1503 1717 1532 1742 25

1501 2273 1530 2298 35
