1627 2823
215 277 273 308 170
408 276 573 302 RECORDS
597 277 642 302 OF
667 278 742 301 'l'lIE
768 277 943 302 IEOROUGH
969 278 1015 302 OF
1041 278 1301 303 NOTTINGIIAM.

643 376 943 399 WHELEWRIGH'I'
962 376 1070 399 GATE.

210 426 262 456 130
281 426 427 457 Roberto
445 427 588 467 Fyssher
604 438 662 467 pro
680 428 855 458 mobilibus
872 427 937 458 suis
954 452 959 457 .

212 482 263 512 De
280 482 428 513 Galsrido
445 482 548 513 Alred
567 494 625 523 pro
643 483 818 514 mobilibus
835 483 900 513 suis
954 508 959 513 .

211 538 262 567 130
279 538 411 568 Thoma
429 539 578 569 Barrowe
595 549 654 579 pro
671 539 846 570 mobilibus
863 539 929 569 suis
957 563 961 568 .

212 593 263 623 130
277 593 430 633 johanne
449 595 589 634 Lynney
606 605 665 635 pro
682 594 857 625 mobilibus
874 594 940 624 suis
956 619 961 624 .

211 649 262 679 130
281 649 424 680 Ricardo
442 650 599 690 Buntyng
616 661 674 690 pro
692 650 867 681 mobilibus
884 650 978 690 [suis]

211 705 262 735 De
278 705 431 745 johanne
450 706 562 737 Herdc
580 717 638 747 pro
656 707 831 737 mobilibus
848 706 913 736 suis
955 731 960 736 .

211 761 262 791 De
279 761 447 791 willelmo
465 762 597 792 Forster
613 772 672 802 pro
690 762 866 793 mobilibus
882 762 948 792 suis

211 817 262 846 De
279 816 422 857 Georgio
441 817 614 858 Lathbury
631 828 689 858 pro
705 818 797 849 terris
814 818 880 848 suis

211 872 262 902 De
280 873 441 903 Katcrina
458 873 574 909 Grene,
592 873 699 910 vidua,
717 884 776 914 pro
793 873 969 904 mobilibus
985 873 1051 904 suis

210 928 262 959 De
281 928 427 960 Roberto
446 929 585 969 Stanley
601 940 660 970 pro
678 929 853 960 mobilibus
870 929 936 960 suis
955 953 960 959 .

211 984 262 1014 De
281 984 428 1016 Robcrto
444 985 596 1025 Wigfall',
613 985 774 1022 servienti,
792 995 851 1025 pro
868 984 1041 1025 stipendiis
1057 984 1123 1014 suis
1147 1009 1152 1014 .

211 1040 262 1070 130
280 1041 445 1071 Kenelmo
462 1041 579 1078 Grene,
596 1041 757 1076 servienti,
775 1051 834 1081 pro
850 1040 1023 1080 stipendiis
1041 1040 1106 1070 suis
1147 1065 1151 1069 .

210 1096 262 1126 Dc
278 1096 430 1136 johanne
450 1096 621 1136 Horseley,
639 1097 801 1136 servienti,
819 1106 878 1137 pro
895 1095 1068 1136 stipendiis
1085 1095 1151 1126 suis

211 1152 261 1182 130
277 1152 430 1192 Johanne
446 1152 569 1183 Greves
586 1162 644 1192 pro
661 1152 836 1183 mobilibus
854 1152 919 1182 suis
957 1177 962 1182 .

210 1208 262 1238 130
280 1208 427 1239 Roberto
445 1208 601 1240 Shemeld
620 1219 678 1248 pro
696 1208 871 1239 mobilibus
888 1208 955 1238 suis

275 1264 430 1296 Summa:
455 1263 574 1304 xxvijs.
590 1263 666 1304 iiijd.

721 1325 988 1348 TYMBERHILL'.

210 1376 261 1406 130
276 1376 429 1416 Johannc
446 1376 653 1406 Williamson
672 1386 731 1416 pro
749 1376 923 1407 mobilibus
941 1377 1006 1406 suis
1048 1401 1052 1405 .

209 1431 261 1462 De
278 1431 446 1462 willelmo
464 1431 604 1471 Kechyn
623 1442 682 1471 pro
699 1431 875 1462 mobilibus
891 1432 957 1462 suis

209 1488 260 1517 De
279 1487 426 1518 Henrico
444 1487 582 1527 Stanlcy
599 1497 658 1527 pro
676 1487 851 1518 mobilibus
869 1488 934 1518 suis
954 1512 959 1518 .

209 1543 261 1573 De
278 1543 407 1574 Mathia
423 1543 555 1583 Wright
573 1553 631 1583 pro
649 1543 824 1573 mobilibus
842 1543 935 1583 [suis]
956 1568 960 1573 .

209 1600 261 1630 De
277 1599 409 1630 Thoma
427 1599 565 1630 Dokkcr
581 1609 640 1639 pro
658 1599 834 1629 mobilibus
851 1599 916 1629 suis
955 1624 959 1629 .

209 1656 260 1686 De
280 1656 422 1686 Ricardo
439 1655 555 1692 XVodc,
572 1654 733 1691 servienti,
751 1665 809 1695 pro
826 1654 998 1694 stipendiis
1015 1653 1081 1684 suis
1146 1679 1151 1683 .

210 1712 261 1742 De
277 1711 430 1751 Johanne
448 1710 554 1747 Clerk‚
572 1710 733 1747 servienti,
750 1721 809 1750 pro
826 1710 997 1750 stipendiis
1014 1709 1080 1740 suis

209 1767 260 1797 De
275 1767 429 1807 Johanne
447 1766 587 1806 Stanley
603 1777 662 1806 pro
679 1766 855 1797 mobilibus
872 1766 937 1796 suis
955 1791 960 1796 .

209 1823 262 1854 De
282 1823 427 1853 Henrico
447 1823 559 1860 Hawe,
576 1822 738 1859 servienti,
755 1832 814 1862 pro
831 1821 1003 1862 stipendiis
1020 1821 1086 1852 suis
1145 1846 1150 1851 .

208 1879 260 1909 130
275 1879 428 1919 Johanne
445 1878 599 1918 Taylour,
616 1879 777 1915 servienti,
795 1888 854 1918 pro
870 1877 1043 1918 stipendiis
1060 1876 1126 1907 suis
1145 1901 1150 1906 .

208 1935 260 1965 De
276 1935 429 1974 Johanne
446 1934 618 1974 Aleynson
637 1945 695 1974 pro
713 1934 889 1964 mobilibus
906 1933 971 1963 suis

208 1991 260 2021 130
276 1991 408 2021 Thoma
424 1990 632 2020 Williamson
651 2000 710 2030 pro
727 1989 903 2020 mobilibus
920 1988 986 2019 suis
1048 2012 1053 2017 .

208 2047 259 2078 De
275 2047 428 2087 Johannc
445 2046 576 2076 Mortcn
594 2056 654 2086 pro
671 2045 846 2076 mobilibus
863 2044 929 2075 suis-
953 2068 958 2074 .

274 2103 428 2134 Summa:
452 2101 491 2141 vj.
504 2101 531 2131 li.
547 2101 604 2141 iijs.
619 2100 705 2141 viijd.

657 2161 920 2185 BRIDELSMITH
939 2160 1048 2183 GATE.

209 2215 260 2245 De
278 2214 424 2245 Roberto
441 2214 607 2244 Taverner
623 2223 682 2252 pro
699 2212 874 2243 mobilibus
891 2211 956 2241 suis

208 2270 259 2300 De
276 2269 444 2299 willelmo
463 2268 668 2307 Hochynson
687 2278 746 2308 pro
763 2267 938 2298 mobilibus
955 2266 1020 2297 suis
1046 2291 1051 2296 .

208 2326 259 2355 De
276 2325 407 2355 Thoma
425 2324 613 2354 Parkenson
632 2333 690 2363 pro
708 2323 883 2353 mobilibus
900 2322 965 2352 suis

208 2382 259 2411 De
276 2380 443 2410 willelmo
460 2380 633 2418 Goodwyn
652 2389 710 2418 pro
728 2378 904 2408 mobilibus
920 2378 986 2407 suis
1046 2402 1051 2406 .

208 2437 259 2467 De
278 2436 424 2466 Roberto
441 2435 573 2465 Avercll
592 2445 651 2474 pro
669 2434 844 2465 mobilibus
861 2433 927 2463 suis
951 2458 956 2463 .

209 2492 259 2523 De
278 2492 420 2522 Ricardo
438 2491 582 2521 Norwod
601 2500 660 2530 pro
677 2489 853 2520 mobilibus
870 2489 936 2519 suls
952 2513 957 2518 .

1403 272 1502 312 [¹524

1431 428 1498 468 vijs.

1424 484 1499 524 iiijd.

1421 539 1500 579 xijd.

1336 619 1340 624 .
1378 594 1423 634 ijs.
1438 595 1500 634 vjd.

1423 650 1500 690 xijd.
1534 660 1546 685 5

1424 706 1500 746 iiijd.

1421 762 1500 802 xijd.

1445 817 1501 857 vjs.

1426 873 1501 913 iiijcl.

1457 939 1500 959 vs.
1521 938 1548 955 ιο

1427 984 1501 1024 iiijd.

1415 1040 1502 1080 iiijd.

1427 1095 1501 1135 iiijd.

1337 1177 1342 1181 .
1391 1151 1501 1191 xviijd.

1427 1207 1502 1247 iiijtl.
1521 1214 1547 1240 15

1435 1385 1460 1405 v.
1474 1375 1501 1405 li.

1425 1431 1501 1471 iiijd.

1425 1487 1500 1526 iiijd.

1426 1542 1501 1582 iiijd.
1517 1549 1549 1566 20

1458 1609 1501 1628 vs.

1426 1653 1501 1693 iiijd.

1425 1709 1500 1748 iiijd.

1425 1765 1500 1804 iiijd.

1425 1820 1500 1860 iiijd.
1518 1826 1546 1852 ²5

1424 1876 1500 1916 iiijd.

1428 1931 1499 1971 xijs.

1454 1987 1499 2026 ijs.

1453 2042 1499 2082 ijs.

1515 2106 1546 2130 30

1420 2208 1498 2248 xijd.

1420 2264 1496 2304 iiijd.

1331 2345 1336 2350 .
1374 2320 1418 2360 ijs.
1434 2320 1496 2359 vjd.

1418 2375 1497 2414 xijd.

1332 2456 1337 2461 .
1385 2431 1543 2470 xviijd.35

1333 2511 1338 2517 .
1386 2485 1497 2526 xviijd.
