1627 2823
242 263 306 292 204
443 261 608 286 RECORDS
632 261 678 285 OF
702 261 777 285 THE
802 261 978 286 BOROUGH
1003 263 1049 287 OF
1075 262 1335 287 NOTTINGIIAM.
1437 255 1534 296 [1538

241 358 403 384 warranto
420 354 564 384 clamant
582 353 701 384 habere
723 354 783 384 Tol
795 359 826 385 et
846 354 942 385 Tlaem
960 359 991 386 et
1005 354 1298 395 Itffangcncllt[e]f
1306 360 1337 385 et
1355 354 1533 385 Thclonia¹

242 409 329 450 [eta]

307 469 332 485 ²*
346 465 389 496 Et
406 465 592 496 willelmus
609 465 650 496 de
668 466 809 503 Denum,
827 466 881 506 qui
899 466 1046 506 sequitur
1061 477 1120 507 pro
1139 467 1238 507 Rege,
1256 466 1346 506 petit,
1363 467 1451 506 quod
1475 466 1533 507 ipsi

241 522 415 559 declarent,
433 522 573 562 qualiter
589 522 637 552 usi
659 527 736 553 sunt
758 522 927 562 praedicta
946 522 1096 554 libertate
1112 523 1153 553 de
1170 522 1425 562 lnfangentlzef3
1470 522 1534 563 Qui

240 579 361 616 dicunt,
379 579 467 619 quod
482 579 777 619 quotienscumque
794 578 910 619 aliquis
927 584 1042 619 captus
1060 578 1155 610 fuerit
1172 578 1329 619 [seisitus]
1343 578 1403 609 de4
1421 588 1534 609 manu-

240 633 357 674 opere⁵
379 645 438 675 pro
460 634 632 665 latrocinio
649 634 736 665 facto
758 634 841 665 infra
863 635 1078 675 Notingham,
1095 640 1128 666 et
1149 634 1211 666 sit⁶
1230 634 1355 675 aliquis,
1372 635 1427 675 qui
1444 635 1534 675 sequi

240 690 379 721 voluerit
405 701 516 721 versus
544 701 619 721 eum
648 691 679 721 in
709 691 808 723 Curia
833 701 900 729 sua,
928 691 990 731 ipsi
1017 691 1159 722 habent⁷
1191 691 1298 731 ipsum
1329 691 1374 721 sic
1401 695 1534 731 captum

241 756 376 777 arenare
400 747 442 777 de
466 746 554 778 sacto
579 747 763 787 praedicto,
789 751 821 777 et
845 747 870 777 si
897 747 967 787 ipse
991 757 1025 777 se
1052 757 1173 787 ponere
1197 746 1358 784 voluerit,8
1382 751 1449 783 ete,
1474 747 1534 787 ipsi

240 802 382 833 habent7
399 802 504 833 facere
520 803 562 833 de
584 803 655 843 ipso
674 802 837 842 justitiam
860 807 892 833 et
907 802 1076 843 judicium,
1091 808 1162 841 etc.;
1186 807 1218 834 et
1234 803 1261 833 si
1278 803 1347 843 ipse
1363 813 1398 833 se
1414 812 1535 843 ponere

242 858 389 895 noluerit,
407 864 475 896 etc„
493 859 553 899 ipsi
578 859 720 889 habent⁷
745 859 874 889 mittere
898 858 1005 899 ipsum
1030 859 1071 889 ad
1094 858 1235 890 Gaolam
1259 859 1367 899 Regis,
1384 864 1443 890 etc⁴
1491 858 1534 890 Et

240 914 265 943 si
290 914 398 945 nullus
421 925 532 945 versus
556 925 630 945 eum
654 914 763 954 loqui9
786 914 933 952 voluerit,
957 915 1018 955 ipsi
1040 914 1182 945 habent⁷
1207 915 1313 955 ipsum
1338 924 1471 945 arenare
1492 914 1534 945 ad

239 975 363 1000 sectam
390 971 498 1011 Regis,
523 976 594 1008 etc.;
622 975 655 1002 et
682 971 708 1001 si
737 971 806 1010 ipse
833 981 868 1001 se
895 980 1017 1011 ponere
1041 970 1187 1008 voluerit,
1213 976 1280 1008 etc.,
1305 971 1366 1011 ipsi
1393 970 1535 1002 habent⁷

240 1025 344 1057 facere
358 1026 518 1066 judicium
536 1032 568 1057 et
583 1026 782 1066 justitiarum
797 1027 839 1057 de
856 1026 927 1067 ipso
944 1027 975 1057 in
995 1026 1093 1058 Curia
1109 1037 1176 1064 sua,
1193 1031 1252 1057 etc.

305 1082 367 1113 ‘Et
389 1083 583 1120 willelmus,
601 1083 655 1123 qui
680 1083 835 1123 sequitur,
853 1087 921 1120 etc.,
939 1083 1026 1119 dicit,
1044 1083 1141 1123 quod,
1159 1083 1234 1114 licet
1258 1093 1315 1123 per
1337 1082 1534 1113 vocabulum

240 1138 281 1168 de
298 1138 540 1179 lnfangentltef
555 1143 667 1179 posset
691 1139 837 1178 intelligi,
855 1139 952 1179 quod,
970 1138 1025 1179 qui
1049 1143 1165 1179 captus
1184 1137 1298 1169 fuisset
1322 1148 1395 1169 cum
1421 1148 1534 1169 manu-

240 1204 338 1234 opere
362 1195 403 1225 ad
429 1200 552 1225 sectam
576 1195 712 1235 alicujus
734 1205 794 1235 pro
816 1194 987 1225 latrocinio
1004 1193 1091 1225 facto
1114 1193 1196 1224 infra
1219 1194 1424 1234 Notingham
1447 1199 1478 1225 et
1500 1204 1535 1224 se

240 1260 361 1290 ponere
383 1251 481 1281 vellet
504 1251 535 1281 in
559 1251 658 1283 Curia
679 1261 746 1288 sua,
763 1255 832 1287 eto,
850 1250 910 1290 ipsi
933 1250 1090 1280 deberent
1107 1250 1148 1280 de
1170 1249 1226 1280 tali
1245 1249 1350 1280 facere
1371 1250 1533 1290 justitiam

240 1311 272 1337 et
286 1307 455 1346 judicium,
472 1311 540 1344 etc„
557 1311 669 1338 tamen
693 1307 753 1347 ipsi
777 1317 834 1346 per
855 1306 917 1337 hoc
939 1316 1004 1336 non
1027 1310 1166 1346 possunt
1188 1305 1330 1346 aliquem
1353 1316 1486 1336 arenare
1503 1306 1534 1336 in

241 1363 339 1394 Curia
360 1372 419 1393 sua
440 1363 481 1393 de
503 1362 614 1403 aliquo
636 1362 807 1393 latrocinio
829 1363 861 1392 in
886 1372 963 1392 casu
981 1372 1046 1402 quo
1071 1372 1130 1392 nec
1152 1371 1227 1401 pars
1248 1361 1343 1392 fuerit
1365 1361 1534 1402 seque[n]s

241 1429 299 1449 nec
317 1419 591 1449 indictamentum
605 1418 701 1449 fuerit
715 1419 797 1455 inde,
812 1418 959 1449 maxime
972 1417 1130 1448 desicut11
1150 1417 1313 1448 Dominus
1332 1417 1406 1448 Rex
1424 1417 1485 1447 hoc
1503 1417 1533 1447 in

241 1475 341 1507 Curia
364 1485 423 1505 sua
439 1474 545 1506 facere
568 1485 633 1505 non
659 1479 769 1515 potest
790 1474 970 1505 secundum
994 1473 1100 1513 legem
1123 1478 1236 1510 terrae,
1253 1478 1324 1503 etc.:
1348 1473 1435 1504 unde
1451 1473 1534 1513 petit

244 1531 404 1570 judicium
421 1540 480 1570 pro
498 1530 598 1571 Rege,
615 1535 673 1561 etc.
721 1529 887 1568 Similiter,
904 1530 991 1560 idem
1009 1529 1202 1566 Willelmus,
1219 1529 1274 1569 qui
1296 1529 1450 1569 sequitur,
1466 1534 1534 1566 etc.,

240 1587 327 1624 dicit,
345 1587 433 1626 quod
459 1586 520 1626 ipsi
545 1586 693 1626 superius
719 1585 864 1616 clamant
890 1590 1058 1616 returnum
1084 1585 1232 1615 omnium
1258 1584 1405 1615 brevium
1433 1585 1534 1625 Regis

240 1643 282 1673 de
305 1642 562 1673 summonitione
582 1641 743 1674 Scaccarii
767 1641 816 1672 sui
839 1642 881 1672 de
903 1641 1056 1672 omnibus
1078 1641 1120 1672 ad
1145 1641 1291 1681 Burgum
1317 1641 1533 1681 Notingham’

241 1698 487 1739 pertinentibus,
504 1698 549 1728 ita
565 1698 654 1738 quod
676 1697 784 1728 nullus
801 1697 995 1729 Vicecomes
1012 1697 1061 1728 vel
1085 1697 1174 1734 alius,
1191 1702 1259 1734 etc.,
1277 1706 1311 1727 se
1328 1696 1533 1734 intromittat,

241 1755 301 1785 nisi
319 1755 350 1785 in
368 1754 533 1785 defectum
552 1754 704 1794 ipsorum,
718 1758 786 1791 etc.,
804 1758 836 1784 et
853 1753 922 1793 ipsi,
939 1753 1059 1784 virtute
1075 1753 1294 1784 concessionis
1312 1752 1404 1790 illius,
1421 1763 1534 1793 usurp-

241 1816 337 1842 arunt
375 1810 518 1841 habendi
558 1815 726 1840 returnum
765 1809 913 1840 omnium
953 1809 1099 1840 brevium
1140 1809 1249 1849 Regis,
1288 1813 1356 1839 tam
1395 1808 1532 1839 aliorum

241 1876 532 1907 quorumcumque,
549 1875 649 1905 quam
666 1866 708 1896 de
727 1865 985 1896 summonitione
1003 1865 1174 1903 Scaccarii‚
1191 1869 1260 1902 etc.,
1277 1865 1322 1895 sic
1344 1865 1534 1905 usurpando

241 1933 339 1963 super
356 1922 523 1962 Regem,12
539 1926 611 1952 etc.:
635 1921 722 1952 unde
738 1921 821 1961 petit
835 1921 1004 1961 judicium,
1021 1926 1079 1952 etc.

307 1978 369 2009 ‘Et
408 1977 517 2018 Major
547 1982 579 2008 et
618 1977 802 2017 Burgenses
841 1977 962 2014 dicunt,
994 1977 1082 2017 quod
1122 1985 1188 2007 non
1228 1976 1413 2013 intendunt,
1444 1976 1531 2015 quod

244 2034 407 2065 Dominus
425 2034 501 2064 Rex
518 2033 596 2064 velit
611 2042 667 2063 eos
684 2032 716 2063 in
739 2032 800 2063 hac
817 2037 910 2073 parte
929 2032 1160 2073 calumpniare,
1177 2031 1284 2070 etc.;¹³
1306 2031 1420 2062 dicunt
1436 2031 1532 2068 enim,

290 2167 297 2178 ¹
318 2165 385 2188 Here
397 2164 481 2188 follow
493 2163 535 2187 the
548 2163 649 2194 lengthy
660 2162 801 2194 challenges
813 2166 839 2186 to

241 2206 282 2229 the
295 2206 382 2236 Mayor
394 2205 443 2229 and
461 2205 593 2235 Burgesses
605 2208 630 2228 to
647 2204 715 2227 show
728 2204 760 2234 by
772 2203 838 2227 what

242 2251 346 2270 warram
364 2247 420 2277 (quo
439 2247 577 2275 warranto)
596 2246 653 2277 they
670 2245 775 2270 claimed
796 2245 838 2269 the

241 2288 349 2312 liberties
367 2287 420 2311 that
439 2287 497 2318 they
515 2287 647 2311 exercised.
684 2286 755 2317 They
770 2286 839 2317 reply

241 2329 274 2360 by
291 2329 376 2360 giving
395 2328 436 2352 the
455 2328 586 2352 substance
605 2328 633 2351 of
648 2327 711 2351 their
729 2327 838 2351 charters

240 2370 314 2393 down
338 2373 363 2392 to
392 2368 500 2392 Edward
524 2368 565 2392 the
589 2367 709 2392 Second’s
731 2367 835 2391 charier.

240 2409 321 2433 These
344 2409 507 2440 proceedings
530 2416 570 2432 are
590 2408 648 2432 here
672 2408 775 2432 omitted
797 2408 838 2431 be-

240 2458 312 2474 cause
332 2451 364 2473 all
388 2450 429 2473 the
452 2449 561 2473 charters
581 2449 692 2472 vouched
718 2449 750 2479 by
771 2448 837 2472 them

240 2500 282 2515 axe
294 2491 392 2522 printed
406 2491 431 2514 in
444 2491 492 2514 this
505 2490 581 2514 work.

985 2165 994 2176 ²
1011 2163 1107 2186 Placz'ta
1130 2162 1158 2186 de
1182 2162 1234 2192 Quo
1267 2162 1402 2186 Warranta
1424 2161 1532 2193 (printed

937 2205 1007 2233 text),
1022 2212 1045 2235 p.
1058 2204 1103 2228 621
1115 2212 1137 2228 a.

985 2247 994 2262 ³
1011 2244 1195 2276 Infizngcnthq‘
1211 2245 1231 2268 is
1255 2244 1295 2268 the
1319 2245 1369 2268 As.
1395 2243 1532 2268 accusative

939 2286 945 2296 ‘
954 2284 1187 2316 infangenne-beof,¹
1198 2285 1303 2315 literally
1315 2283 1532 2308 ‘in-taken-thief.'

938 2326 961 2349 It
970 2333 1054 2349 means
1064 2325 1105 2349 the
1115 2326 1204 2356 liberty
1213 2325 1242 2349 of
1251 2325 1331 2356 trying
1340 2325 1389 2348 and
1402 2325 1533 2356 executing

933 2366 1022 2397 justice
1050 2374 1117 2398 upon
1145 2366 1238 2390 thieves
1266 2366 1345 2389 seized
1376 2365 1461 2389 within
1489 2365 1532 2389 the

936 2407 1057 2431 franchise
1069 2407 1097 2430 of
1108 2407 1149 2431 the
1161 2411 1269 2438 grantee,
1284 2407 1326 2430 the
1338 2406 1423 2438 profits
1435 2406 1463 2430 of
1471 2406 1530 2430 such

934 2448 1090 2479 jurisdiction
1103 2449 1230 2479 following
1243 2447 1284 2471 the
1297 2453 1375 2479 grant.

985 2491 994 2504 ⁴
1011 2489 1059 2519 αἴῃ]
1074 2487 1138 2518 ‘ad‚'
1151 2490 1220 2517 MS.;
1241 2488 1305 2518 ‘de,'
1319 2489 1345 2512 Ρ.

1550 868 1579 886 10

1551 1147 1579 1173 ¹5

1549 1428 1580 1446 20

1549 1708 1578 1734 ²5

1548 1990 1579 2014 30
