1627 2823
248 262 313 292 410
447 261 613 285 RECORDS
636 261 682 286 OF
706 261 782 285 TIIE
807 261 983 286 BOROUGH
1008 261 1054 286 OF
1080 261 1340 286 NOTTINGHAM.
1441 254 1534 295 [1451

249 353 405 384 comitiva
430 353 564 384 Domini
592 353 692 393 Regis
718 354 805 394 apud
831 353 859 384 le
884 353 969 384 Blak
994 353 1096 384 Hellc¹
1124 354 1154 384 in
1183 353 1351 385 Coxnitatu
1377 353 1539 384 Kanciae:

250 408 438 439 habendum
455 414 487 440 et
510 409 688 440 tenendum
707 409 911 449 praedictum
933 414 1062 450 pratum
1080 409 1226 440 clausum
1244 414 1276 440 et
1293 409 1447 450 separale,
1463 419 1538 440 cum

249 464 403 495 omnibus
420 464 572 505 proficuis
589 464 746 495 salicum2
762 475 858 504 super
872 464 994 495 fossata
1009 465 1087 496 dicti
1106 465 1188 505 prati
1206 465 1430 501 crescentium,
1447 475 1538 505 prae-

250 519 339 550 dicto
363 520 506 560 Johanni
534 520 690 559 Orgrave,
715 520 889 550 heredibus
914 525 946 551 et
972 521 1147 560 assignatis
1172 521 1245 558 suis,
1271 531 1290 550 a
1315 520 1399 552 sesto
1425 520 1539 552 Sancti

251 575 421 606 Michaelis
441 575 641 615 Archangeli
667 575 783 606 ultimo
807 576 982 615 praeterito
1006 586 1108 616 usque
1130 576 1170 606 ad
1190 575 1285 606 finem
1309 581 1341 606 et
1363 576 1538 607 terminum
1570 583 1583 608 5

250 631 385 671 triginta
411 641 572 662 annorum
601 637 724 662 extunc
752 631 906 671 proximo
933 632 1156 671 sequentium:
1189 631 1357 662 reddendo
1382 631 1458 662 inde
1483 642 1540 672 per

250 697 372 718 annum
399 687 593 719 Camerariis
620 687 716 718 villae
741 687 936 728 praedictae,
953 687 1007 727 qui
1033 697 1093 728 pro
1120 692 1268 728 tempore
1296 687 1422 725 suerint,
1439 697 1538 718 unam

250 753 357 773 rosam
386 743 427 773 ad
453 742 571 774 festum
597 743 789 774 Nativitatis
817 743 930 775 Sancti
955 743 1116 782 Johannis
1146 743 1323 783 Baptistae,
1347 743 1372 773 si
1401 748 1538 784 petatur.

252 799 295 829 Et
333 799 490 839 praedicti
530 799 677 830 Thomas
716 799 895 836 Thurland,
934 799 1082 829 Thomas
1122 799 1330 839 Babyngton,
1370 799 1539 836 Ricardus,

249 854 425 894 Johannes,
443 855 598 892 Thomas,
616 854 790 892 Galfridus,
808 859 839 886 et
860 854 1037 894 Johannes,
1055 865 1128 886 cum
1151 865 1284 886 assensu
1307 860 1339 886 et
1360 853 1540 885 consensu3
1557 865 1586 883 10

250 910 350 940 totius
375 910 632 942 Communitatis
656 910 751 940 villae
775 910 969 950 praedictae,
987 911 1190 951 praedictum
1213 916 1343 951 pratum
1365 921 1439 942 cum
1461 910 1540 941 soss-

251 966 312 996 atis
340 971 372 997 et
399 966 552 1006 saepibus
579 966 660 997 citra
686 965 804 996 festum
831 965 1068 996 l'urificationis
1097 967 1218 997 Bcatae
1246 967 1371 997 Mariae
1395 966 1540 1007 Virginis

250 1022 404 1062 proximo
420 1021 564 1053 futurum
587 1021 786 1052 sufficienter
806 1021 981 1052 includent.
1030 1022 1073 1052 Et
1096 1022 1182 1052 idem
1198 1022 1367 1062 Johannes
1384 1022 1540 1061 Orgrave,

250 1078 386 1109 heredes
403 1083 434 1109 et
452 1078 607 1118 assignati
625 1078 682 1115 sui,
700 1077 882 1118 praefatum
905 1083 1035 1118 pratum
1056 1078 1202 1109 clausum
1225 1078 1270 1108 sic
1286 1078 1328 1109 ad
1350 1077 1541 1109 introitum⁴

251 1134 397 1174 ejusdem
421 1134 590 1174 Johannis,
608 1134 747 1165 durante
770 1134 910 1164 termino
932 1134 1108 1174 praedicto,
1127 1133 1324 1174 reparabunt
1345 1138 1377 1164 et
1399 1137 1540 1164 sustent-
1557 1145 1585 1171 ¹5

251 1190 362 1227 abunt,
379 1195 411 1221 et
427 1190 472 1220 sic
490 1190 521 1220 in
540 1189 603 1220 fine
620 1189 749 1221 termini
769 1189 817 1220 sui
835 1189 1018 1220 dimittent:
1042 1189 1173 1229 proviso
1189 1199 1326 1229 semper,
1343 1189 1431 1230 quod
1449 1199 1540 1229 prae-

251 1246 329 1276 dicti
344 1246 512 1286 Johannes
530 1246 685 1286 Orgrave,
699 1245 834 1276 heredes
848 1250 880 1276 et
897 1245 1053 1285 assignati
1070 1245 1128 1282 sui,
1141 1245 1310 1276 habebunt
1322 1242 1541 1276 subboscum5

251 1302 292 1333 ad
317 1302 431 1332 silvam
457 1302 552 1332 villae
577 1301 804 1342 Notyngham’
832 1311 891 1342 pro
917 1301 1066 1332 clausura
1090 1301 1247 1341 praedicti
1276 1301 1368 1341 prati,
1392 1301 1540 1341 quando-

251 1368 391 1398 cumque
408 1368 539 1388 necesse
556 1357 658 1394 suerit,
676 1368 733 1398 per
754 1357 858 1388 visum
878 1357 1138 1389 Camerariorum
1162 1356 1257 1387 villae
1273 1356 1468 1397 praedictae,
1485 1355 1540 1396 qui

251 1424 310 1454 pro
326 1419 475 1454 tempore
492 1413 617 1444 fuerint.
1555 1425 1586 1443 20

318 1470 361 1501 Et
385 1469 541 1510 praedicti
567 1469 714 1500 Thomas
738 1468 918 1505 Thurland,
936 1468 1045 1508 Major
1068 1468 1163 1499 villae
1182 1468 1376 1508 praedictae,
1393 1467 1540 1498 Thomas

253 1525 462 1565 Babyngton‚
488 1525 656 1561 Ricardus,
679 1524 856 1564 Johannes,
881 1524 1037 1561 Thomas,
1060 1523 1233 1561 Galsridus,
1254 1529 1285 1555 et
1308 1524 1484 1564 Johannes,
1509 1528 1541 1554 et

252 1585 323 1611 tota
355 1580 585 1612 Communitas
616 1579 712 1610 villae
743 1580 938 1620 praedictae,
966 1580 1169 1620 praedictum
1201 1584 1340 1620 pratum,
1367 1590 1442 1610 cum
1470 1590 1541 1620 per-

251 1636 405 1674 tinentiis,
430 1635 578 1676 praefato
604 1635 748 1676 Johanni
777 1636 932 1676 Orgrave,
957 1636 1130 1667 heredibus
1155 1641 1187 1667 et
1213 1636 1386 1676 assignatis
1410 1636 1484 1674 suis,
1509 1637 1539 1667 in

252 1691 357 1723 forma
387 1692 562 1732 praedicta,
593 1692 733 1722 durante
763 1692 903 1722 termino
935 1692 1110 1732 praedicto,
1138 1697 1252 1723 contra
1281 1702 1396 1723 omnes
1426 1697 1541 1733 gentes
1555 1705 1585 1732 25

252 1747 519 1779 warantizabunt.

318 1804 356 1835 In
373 1803 465 1844 cujus
488 1803 531 1834 rei
554 1802 778 1834 testimonium
801 1803 862 1834 hiis
885 1803 1065 1834 indenturis
1087 1803 1243 1844 praedicti
1266 1803 1413 1834 Thomas
1435 1803 1539 1834 Thur-

252 1859 337 1897 land,
365 1859 474 1900 Major
505 1859 600 1889 villae
631 1859 826 1899 praedictae,
854 1864 886 1889 et
914 1864 985 1890 tota
1012 1860 1242 1891 Communitas
1269 1859 1416 1900 ejusdem
1444 1859 1540 1890 villae

252 1915 394 1956 sigillum
411 1925 506 1946 suum
524 1924 699 1945 commune
716 1919 946 1954 apposuerunt.

318 1971 442 2002 Datum
474 1971 561 2010 apud
596 1970 822 2010 Notyngham,
850 1975 947 2001 sexto
974 1970 1027 2001 die
1058 1970 1178 2007 Martii,
1205 1980 1292 2001 anno
1319 1970 1409 2011 regni
1439 1970 1539 2010 Regis
1555 1985 1586 2011 30

255 2027 390 2058 Henrici
408 2026 503 2058 Sexti
521 2030 596 2065 post
613 2026 861 2066 Conquacstum
879 2025 1022 2066 Angliae
1039 2026 1193 2057 vicesimo
1210 2036 1304 2057 nono.
1412 2026 1497 2065 4468
1510 2026 1538 2057 b.

301 2196 306 2207 ¹
326 2194 366 2218 On
378 2193 442 2224 June
455 2199 475 2221 1,
490 2197 559 2222 1450,
570 2200 584 2215 a
596 2191 766 2215 considerable
778 2199 846 2222 army

251 2235 279 2258 of
293 2235 373 2258 rebels
390 2233 467 2257 under
486 2233 563 2261 Cade,
582 2233 666 2256 drawn
686 2233 747 2256 from
768 2233 844 2262 Kent,

944 2199 976 2215 on
998 2191 1127 2222 Sami-day,
1148 2192 1212 2223 June
1229 2191 1253 2220 6,
1277 2191 1347 2216 when
1365 2191 1396 2215 he
1414 2191 1462 2215 had
1480 2191 1538 2215 with

944 2232 995 2256 him
1013 2240 1044 2256 an
1061 2241 1130 2263 army
1141 2232 1170 2256 os
1184 2239 1275 2261 20,000
1287 2241 1351 2256 men.
1388 2233 1442 2257 The
1459 2233 1538 2256 above

253 2276 350 2306 Surrcy,
359 2274 406 2297 and
421 2275 518 2301 Sussex,
529 2273 664 2304 encamped
678 2281 744 2304 upon
759 2273 845 2297 Black-

251 2317 333 2340 heath.
371 2316 446 2346 Upon
459 2315 560 2345 hearing
573 2315 601 2338 os
615 2314 656 2338 the
672 2315 791 2338 outbxeak
805 2314 846 2339 the

252 2358 320 2388 King
344 2355 509 2386 immediately
532 2355 654 2378 dissolvo-’d
686 2355 843 2383 I'arliament,

251 2397 330 2421 which
345 2405 394 2420 was
406 2396 490 2426 sitting
502 2400 526 2418 at
540 2395 672 2418 Leiceslcr.
706 2395 746 2418 11e
760 2403 808 2418 was
820 2400 844 2419 at

252 2438 374 2462 Leicester
403 2444 430 2460 so
458 2437 506 2460 late
530 2444 557 2459 as
586 2436 644 2466 May
668 2442 714 2466 30;
745 2436 843 2467 Rymer,

252 2479 362 2506 Foedera,
377 2478 408 2501 λἰ.
424 2483 477 2506 271.
500 2477 586 2507 Henry
598 2476 692 2499 arrived
703 2481 726 2499 at
741 2476 845 2500 London

944 2273 1006 2296 deod
1024 2273 1115 2296 affords
1131 2273 1249 2297 evidence
1267 2274 1319 2296 that
1337 2273 1368 2297 he
1385 2273 1451 2297 drew
1469 2281 1538 2297 some

944 2313 971 2336 os
993 2313 1061 2336 these
1082 2318 1166 2344 troops
1185 2313 1247 2337 from
1269 2313 1442 2345 Nortingham.
1484 2313 1539 2337 The

947 2354 1014 2385 King
1041 2355 1169 2378 advanced
1197 2354 1292 2385 against
1328 2354 1370 2378 the
1400 2354 1479 2378 rebels
1507 2361 1538 2378 on

943 2396 1082 2426 Thursday,
1095 2396 1159 2427 June
1175 2402 1210 2424 11,
1225 2396 1267 2420 but
1281 2396 1382 2420 effected
1397 2403 1453 2426 very
1466 2395 1537 2424 little,

944 2437 1026 2467 owing
1044 2442 1070 2460 to
1091 2437 1244 2461 disaffection
1262 2437 1286 2460 in
1307 2437 1345 2460 his
1362 2445 1438 2467 army,
1459 2436 1538 2460 which

944 2477 1084 2508 eventually
1095 2477 1230 2508 dispcrsed,
1246 2477 1394 2508 whereupon
1407 2477 1448 2500 the
1461 2476 1539 2500 rebels
