1627 2823
234 259 292 290 174
426 258 590 282 RECORDs
614 258 660 282 OF
684 257 760 281 TIIE
785 257 961 281 BOROUGH
987 257 1032 280 OF
1058 257 1318 281 NOTTINGHAM.

230 351 282 381 De
299 351 429 381 Thoma
448 350 591 381 Dawson
610 360 668 390 pro
686 349 861 380 mobilibus
879 349 945 380 suis
971 374 976 379 .

229 407 282 437 De
297 406 465 437 Willelmo
485 406 618 437 Holden
637 416 695 446 pro
713 405 888 436 mobilibus
905 405 971 435 suis

230 462 282 492 De
300 462 478 493 Laurentio
495 462 679 502 XVyrehorn
698 472 757 501 pro
775 461 950 491 mobilibus
966 461 1032 491 suis
1070 486 1075 490 .

230 518 282 548 De
299 518 430 548 Thoma
448 517 613 548 Blakwall’
632 528 690 557 pro
707 517 882 547 mobilibus
900 517 981 547 suis.

230 573 282 603 De
298 573 466 603 willelmo
481 572 630 613 Johnson
649 582 707 612 pro
725 572 900 602 mobilibus
917 573 983 602 suis

232 630 284 659 De
304 629 449 659 Henrico
468 628 601 664 Fowler,
618 628 779 664 servienti,
797 638 855 668 pro
873 628 1043 667 stipendiis
1060 628 1125 657 suis
1165 652 1170 657 .

233 685 284 715 De
302 685 449 715 Roberto
466 684 698 716 Clattercottes
716 694 774 724 pro
792 683 967 714 mobilibus
984 684 1049 713 suis
1072 708 1076 712 .

232 741 282 771 De
300 740 467 771 &Villelmo
485 740 675 779 Margetson
694 750 753 779 pro
770 739 945 769 mobilibus
963 739 1029 768 suis
1071 763 1075 767 .

232 797 283 827 De
302 796 449 827 Roberto
465 796 598 835 Jerman
617 805 675 835 pro
693 795 868 825 mobilibus
885 795 950 825 suis
975 820 979 824 .

231 852 282 882 De
301 852 443 882 Ricardo
463 851 585 882 Halom
604 862 662 891 pro
680 851 854 881 mobilibus
871 851 937 880 suis
976 875 980 879 .

231 908 283 938 De
301 908 466 938 Ieronimo
485 907 613 937 Bolstar
631 917 689 947 pro
706 906 881 936 mobilibus
899 906 964 936 suis

231 964 282 993 De
301 963 443 993 Ricardo
461 962 582 1002 Smyth
600 972 658 1002 pro
676 962 853 992 mobilibus
870 962 936 992 suis
976 987 980 992 .

231 1019 282 1049 De
299 1018 467 1049 W'illelmo
486 1018 628 1058 Kyrkby
645 1028 704 1058 pro
721 1018 896 1048 mobilibus
914 1017 980 1047 suis

231 1074 283 1104 De
298 1074 451 1114 Johanne
469 1074 659 1106 Shalcrosse
676 1084 734 1114 pro
751 1073 922 1114 stipendiis
939 1073 1005 1103 suis

232 1130 283 1160 De
303 1130 450 1161 Roberto
467 1130 596 1170 Smyth,
614 1130 774 1167 servienti,
792 1140 850 1170 pro
867 1129 1038 1169 stipendiis
1055 1129 1120 1159 suis
1168 1154 1172 1158 .

232 1186 283 1216 De
302 1186 449 1216 Roberto
468 1186 632 1225 Eparston
651 1196 710 1226 pro
727 1185 903 1216 mobilibus
920 1185 986 1215 suis

232 1242 284 1271 De
299 1241 452 1281 johanne
470 1241 619 1278 Newt0n‚
637 1241 797 1277 servienti,
815 1251 874 1281 pro
890 1241 1061 1280 stipendiis
1079 1241 1144 1270 suis
1165 1266 1170 1270 .

232 1297 284 1327 De
301 1297 468 1327 &Villelmo
488 1298 622 1337 RogerS,
639 1297 799 1333 servienti,
818 1307 875 1336 pro
892 1297 1063 1336 stipendiis
1080 1297 1145 1326 suis
1167 1321 1171 1326 .

231 1353 283 1383 De
299 1352 467 1383 willelmo
484 1353 640 1389 Tornson,
658 1352 817 1388 servienti,
836 1362 894 1392 pro
911 1352 1082 1392 stipendiis
1099 1352 1164 1382 suis

231 1409 282 1439 De
298 1409 466 1439 willelmo
483 1409 723 1445 Clattercottes‚
740 1408 900 1445 servienti,
918 1418 977 1448 pro
993 1408 1164 1448 stipendiis
1181 1408 1247 1438 suis
1261 1432 1266 1437 .

296 1465 450 1496 Summa:
475 1464 537 1504 viij.
551 1464 578 1494 li.
593 1475 636 1494 vs.

742 1570 1011 1593 WALSERGATE.

233 1629 284 1660 De
303 1629 481 1669 Radulpho
499 1628 628 1659 Palmer
644 1638 703 1668 pro
721 1627 895 1658 mobilibus
913 1628 978 1657 suis

232 1686 283 1716 De
302 1686 444 1716 Ricardo
461 1684 611 1724 VVorsop'
628 1694 687 1724 pro
705 1683 880 1713 mobilibus
897 1683 980 1713 suis.

231 1741 283 1771 De
299 1741 452 1781 Johanne
470 1740 527 1770 Ive
543 1750 602 1779 pro
620 1738 796 1769 mobilibus
813 1738 878 1768 suis

230 1797 282 1827 De
297 1796 450 1836 Johanne
468 1795 600 1831 Burdes,
618 1794 778 1830 servienti,
796 1804 855 1834 pro
872 1793 1043 1834 stipendiis
1060 1794 1126 1824 suis
1163 1819 1168 1823 .

231 1852 282 1882 De
300 1852 446 1882 Roberto
465 1851 582 1881 Lound
601 1860 659 1890 pro
677 1849 851 1880 mobilibus
869 1850 934 1879 suis
975 1875 980 1879 .

231 1908 282 1938 De
299 1908 430 1937 Thoma
448 1907 635 1946 Stevynson
654 1916 713 1945 pro
730 1905 905 1935 mobilibus
923 1905 988 1934 suis

231 1964 282 1994 De
299 1963 436 1995 Costino
455 1962 583 2001 Pykerd
602 1971 660 2001 pro
679 1961 853 1991 mobilibus
870 1960 935 1990 suis
973 1985 978 1990 .

230 2019 281 2049 De
300 2018 442 2049 Ricardo
460 2018 562 2057 Cany,
581 2016 740 2053 servienti,
758 2026 817 2057 pro
833 2016 1006 2056 stipendiis
1023 2016 1088 2046 suis

231 2075 281 2105 De
298 2074 465 2104 &Villelmo
484 2072 601 2103 Bullok
619 2082 678 2112 pro
696 2071 870 2102 mobilibus
887 2072 953 2101 suis
974 2096 979 2101 .

231 2130 281 2160 De
299 2130 430 2160 Thoma
448 2128 613 2160 Stabulles
631 2138 690 2168 pro
707 2127 882 2158 mobilibus
899 2127 964 2157 suis

231 2186 282 2216 De
301 2185 446 2215 Henrico
464 2184 619 2216 Stathum
638 2193 697 2223 pro
715 2182 889 2213 mobilibus
907 2183 972 2213 suis

232 2241 282 2271 De
302 2241 447 2271 Henrico
466 2240 553 2280 Eyre
570 2249 628 2279 pro
646 2238 821 2269 mobilibus
838 2238 904 2268 suis

232 2297 283 2327 De
298 2296 450 2336 johanne
468 2296 559 2334 Lacy
577 2305 635 2334 pro
653 2293 826 2324 mobilibus
843 2294 909 2323 suis

232 2353 282 2383 De
300 2351 460 2382 Mauricio
478 2350 593 2382 Orrell'
610 2360 668 2390 pro
685 2349 777 2380 terris
793 2349 859 2379 suis
880 2373 885 2378 .

232 2409 283 2438 De
298 2407 451 2447 Johanne
468 2406 597 2436 VVoode
614 2415 672 2445 pro
689 2404 864 2435 mobilibus
881 2404 947 2434 suis
974 2428 978 2434 .

297 2463 451 2495 Summa:
475 2460 660 2501 xlijs.viijd.

1421 250 1519 290 [¹524

1352 374 1357 379 .
1372 348 1519 389 vjs.viijd.

1439 405 1519 435 xxd.

1441 460 1520 500 xijd.

1442 516 1520 556 xijd.

1447 583 1521 602 XXS.

1445 627 1520 667 iiijd.

1443 682 1520 722 xijd.

1442 738 1520 778 xijd.

1444 793 1520 833 iiijd.

1355 875 1359 879 .
1376 849 1442 889 γῆς.
1458 849 1520 889 vjd.
1552 863 1567 878 o

1442 905 1520 945 xijd.

1441 961 1521 1001 xijd.

1462 1017 1520 1047 xls.

1442 1072 1521 1112 xijd.

1446 1128 1521 1167 iiijd.

1445 1184 1520 1224 iiijd.

1445 1240 1520 1280 iiijd.

1445 1295 1520 1335 iiijd.

1445 1351 1520 1391 iiijd.

1445 1407 1520 1446 iiijd.

1452 1627 1520 1666 iiijs.

1445 1682 1520 1722 iiijd.

1444 1737 1519 1778 iiijd.

1443 1793 1519 1833 iiijd.

1443 1849 1518 1888 iiijd.

1440 1904 1518 1944 xijd.

1460 1959 1518 1989 ixs.

1443 2015 1519 2054 iiijd.

1443 2070 1518 2110 iiijd.

1476 2136 1519 2155 vs.

1450 2180 1519 2220 iiijs.

1442 2235 1518 2276 iiijd.

1444 2291 1520 2331 iiijd.

1438 2347 1492 2386 xvj
1498 2357 1519 2376 s.
1536 2354 1549 2378 3

1439 2401 1518 2441 xijd.

1540 1139 1566 1165 ¹5

1537 1418 1568 1435 20

1536 1811 1565 1837 ²5

1535 2087 1567 2111 30
