1627 2823
214 283 272 313 144
406 281 570 305 RECORDS
594 281 639 305 OF
663 281 738 305 THE
764 281 939 306 ROROUGII
964 282 1009 306 OF
1036 282 1295 306 NOTTINCIIAM.
1397 274 1494 315 [1518

338 386 592 426 XC.—-Allcged
607 385 734 418 Cuslom
742 386 804 425 for
819 386 868 417 tlte
886 386 1025 427 Slceriffr
1041 391 1071 417 to
1086 386 1192 417 attach
1208 397 1227 417 a
1245 387 1366 417 Person

595 446 631 472 a!
646 441 696 472 tlte
711 441 849 482 Reqncst
864 442 905 481 of
919 453 939 473 a
956 442 1102 482 Bmgress.

660 511 804 548 1517-18,
824 510 989 550 February
1008 519 1054 549 24.

275 577 475 608 1Willelmus
508 577 681 609 Stanbank
713 578 857 617 queritur
888 579 928 609 de
966 579 1107 609 Ricardo
1139 578 1262 618 Selyok
1301 583 1333 609 et
1365 579 1496 610 Thoma

210 634 315 670 Munt,
333 643 435 673 nuper
457 633 714 664 Vicecomitibus
737 633 831 664 villae
854 634 1076 674 Notingham',
1097 635 1138 665 de
1159 634 1280 674 placito
1301 639 1495 674 transgress-

208 689 290 719 ionis
314 699 411 729 super
432 699 543 719 casum
568 699 671 725 suum,
692 693 750 719 etc.
799 689 899 729 Plegii
922 690 963 720 de
985 689 1221 730 prosequendO,
1239 694 1296 720 etc.
1346 689 1388 720 Et
1410 691 1496 720 unde

208 745 294 775 idem
322 745 507 775 WVillelmus
539 745 569 774 in
603 745 733 784 propria
764 754 903 784 persona
933 755 992 775 sua
1019 745 1106 781 dicit,
1132 745 1219 785 quod
1251 755 1325 775 cum
1357 755 1433 776 usus
1464 751 1496 776 et

207 801 343 840 antiqua
368 801 572 831 consuetudo
596 800 690 830 villae
714 801 901 840 praedictae
925 806 982 837 est,
1004 806 1044 837 et,
1067 801 1108 831 de
1132 806 1279 841 tempore
1304 801 1395 842 cujus
1420 812 1495 832 con-
1527 814 1540 840 5

208 856 342 887 trarium
368 856 400 886 in
427 857 584 887 memoria
609 856 779 886 hominum
806 867 871 887 non
897 857 1018 893 existit,
1040 857 1176 887 omnino
1202 856 1269 894 suit,
1287 858 1374 897 quod
1401 858 1495 889 Vice-

208 912 344 943 comites
371 912 467 943 villae
494 912 680 953 praedictae
708 922 766 952 pro
794 917 941 952 tempore
968 912 1156 949 existentes,
1181 913 1280 943 ambo
1307 923 1418 944 eorum
1446 913 1495 944 vel

208 977 319 998 eorum
344 978 427 998 unus
451 968 627 1008 separatim
650 978 707 1008 per
728 978 770 1004 se,
787 968 906 999 virtute
927 967 1025 998 officii
1045 968 1093 998 sui
1115 974 1272 999 arrestare
1292 969 1360 1000 sive
1381 979 1497 1010 capere

207 1023 355 1064 [possint,
387 1023 451 1064 vel]
484 1024 594 1064 possit,
626 1034 682 1064 per
720 1034 837 1064 corpus
868 1023 918 1054 vel
953 1034 1090 1064 corpora
1120 1034 1231 1054 eorum
1264 1024 1406 1065 aliquem
1439 1035 1495 1056 seu

208 1079 341 1120 aliquOS,
359 1080 400 1110 ad
418 1080 617 1116 instantiam,
634 1079 887 1120 requisitionem,
904 1079 971 1110 sive
991 1085 1114 1110 sectam
1134 1079 1317 1120 aliquorum
1335 1080 1494 1121 [actorum
1513 1098 1541 1115 10

207 1135 257 1166 vel
283 1135 512 1176 querentium],
529 1135 579 1166 vel
605 1135 741 1175 alicujus
767 1135 885 1166 actoris
911 1135 978 1165 sive
1003 1135 1176 1175 querentis,
1201 1145 1260 1175 pro
1285 1146 1318 1166 re
1343 1136 1393 1166 vel
1419 1146 1495 1167 con-

208 1196 312 1222 tracto
329 1191 434 1222 fact02
451 1191 534 1222 infra
547 1191 806 1231 jurisdictionem
829 1201 885 1221 seu
903 1195 1101 1231 potestatem
1124 1201 1226 1228 suam,
1243 1191 1367 1231 absque
1386 1192 1496 1232 aliquo

207 1248 355 1288 originali
381 1247 501 1288 placito
530 1247 560 1277 in
586 1247 699 1278 rotulis
726 1247 792 1277 suis
818 1257 859 1277 ex
885 1247 1019 1277 recordo
1044 1247 1172 1283 intrato,
1197 1252 1229 1277 ct
1253 1247 1338 1277 diem
1364 1247 1495 1288 quibus-

207 1314 348 1344 cumque
364 1304 409 1334 sic
430 1304 534 1343 captis
551 1303 600 1334 vel
618 1303 783 1334 arrestatis
800 1303 877 1333 dare
894 1302 942 1333 vel
966 1302 1144 1343 praefigere
1166 1303 1206 1333 ad
1230 1303 1494 1343 respondendum

207 1359 264 1390 tali
281 1359 381 1390 actori
399 1359 466 1389 sive
482 1359 638 1399 querenti,
656 1359 836 1388 secundum
859 1368 970 1388 eorum
988 1358 1226 1395 discretionem,
1245 1358 1293 1388 vel
1314 1359 1494 1390 secundum
1513 1367 1539 1393 ¹5

207 1415 436 1446 discretionem
454 1414 585 1445 alterius
602 1413 733 1444 eorum3
753 1413 895 1444 officium
913 1424 1008 1444 suum
1026 1415 1205 1445 secundum
1224 1415 1494 1445 consuetudinem

207 1471 407 1511 praedictam
425 1470 470 1500 sic
483 1469 692 1510 exequentis;
715 1469 759 1500 ita
772 1470 859 1509 quod
875 1469 971 1500 iidem
986 1469 1213 1505 vicecomites,
1227 1469 1275 1500 vel
1294 1469 1409 1501 saltem
1428 1471 1496 1511 ipse

207 1526 251 1556 sic
279 1526 422 1556 officium
450 1536 544 1556 suum
573 1535 748 1565 exequens
776 1525 966 1565 [habebunt,
991 1525 1055 1565 vel]
1081 1525 1223 1562 habebit,
1249 1535 1366 1566 corpus
1395 1527 1494 1566 ipsius

207 1583 251 1612 sic
275 1582 361 1622 capti
384 1581 433 1612 vel
460 1581 607 1612 arrestari
634 1581 674 1611 ad
699 1581 823 1612 dictum
849 1581 935 1611 diem
962 1581 989 1611 ei
1015 1581 1129 1612 datum
1155 1581 1221 1611 sive
1245 1580 1428 1621 praefixum
1453 1583 1494 1613 ad

207 1638 472 1678 respondendum
498 1637 604 1668 eidem
631 1637 731 1667 actori
759 1637 825 1667 sive
850 1637 997 1676 querenti
1027 1637 1057 1666 in
1084 1636 1195 1667 debita
1219 1637 1299 1676 juris
1326 1636 1437 1674 forma,
1463 1643 1495 1669 ct
1509 1649 1541 1666 20

207 1694 293 1724 idem
322 1693 515 1724 Vicecomes
543 1693 588 1723 sic
615 1692 758 1723 officium
787 1703 881 1723 suum
910 1692 1098 1732 exequens4
1125 1693 1264 1723 eandem
1292 1693 1378 1723 diem
1403 1693 1495 1724 dabit

207 1749 354 1789 praefato
382 1749 481 1779 actori
510 1749 576 1778 sive
600 1748 747 1788 querenti
773 1758 883 1778 versus
911 1748 1017 1788 ipsum
1046 1748 1286 1784 defendentem,
1314 1749 1493 1779 secundum

208 1805 344 1835 sormam
374 1805 510 1835 actionis
538 1814 623 1841 suae,
652 1804 886 1844 cujuscumque
914 1808 1049 1834 naturae
1080 1804 1166 1834 actio
1194 1804 1247 1834 illa
1275 1804 1324 1840 sit,
1353 1804 1393 1835 ad
1422 1815 1494 1844 pro-

207 1861 409 1901 sequendum
432 1870 542 1891 coram
566 1860 693 1900 Majore
714 1865 746 1890 et
763 1860 1021 1891 Vicecomitibus
1045 1860 1140 1891 villae
1164 1861 1351 1900 praedictae
1372 1866 1494 1902 potest-

207 1922 294 1947 atem
318 1917 450 1947 tenendi
476 1916 596 1956 placita
621 1926 657 1946 ac
682 1916 886 1955 cognitiones
911 1916 1105 1956 placitorum
1131 1920 1163 1946 et
1187 1916 1360 1947 assisarum
1385 1927 1494 1947 coram
1509 1926 1539 1953 25

207 1973 252 2003 eis
274 1972 485 2003 habentibus:
509 1976 541 2002 et
565 1972 589 2001 si
615 1971 712 2002 iidem
738 1971 965 2007 Vicecomites,
984 1981 1039 2002 seu
1064 1971 1265 2008 Vicecomes,
1283 1971 1328 2001 sic
1352 1971 1494 2003 officium

207 2038 301 2058 suum
326 2032 536 2067 exequentes,
553 2037 670 2067 corpus
694 2027 790 2066 hujus
811 2026 1017 2057 defendentis
1039 2027 1080 2057 ad
1101 2027 1187 2057 diem
1212 2027 1272 2057 sibi
1292 2027 1406 2058 datum
1429 2038 1508 2058 nonu

208 2083 372 2123 [habeant,
390 2082 454 2122 vel]
471 2082 598 2119 habeat,
617 2087 767 2122 paratum
790 2082 831 2113 ad
855 2082 1118 2122 respondendum
1140 2082 1228 2112 dicto
1245 2083 1400 2122 querenti,
1418 2088 1495 2114 tunc

208 2140 305 2170 iidem
323 2139 543 2170 Vicecomites
561 2138 804 2178 respondebunt
821 2138 910 2168 dicto
926 2137 1073 2177 querenti
1091 2137 1132 2167 de
1148 2137 1308 2177 dampnis,
1326 2148 1410 2178 quae
1427 2139 1496 2179 ipse

208 2195 238 2225 in
268 2195 327 2225 hac
355 2199 447 2235 parte
474 2194 635 2230 sustinuit,
659 2194 839 2224 secundum
867 2193 928 2223 hoc
952 2193 1040 2233 quod
1068 2203 1126 2232 per
1148 2199 1389 2224 sacramentum
1415 2195 1495 2225 duo·
1510 2205 1541 2230 30

207 2251 312 2280 decim
341 2250 517 2290 proborum
546 2254 577 2279 et
606 2249 759 2288 legalium
788 2249 959 2291 hominum
988 2248 1082 2278 villae
1111 2248 1298 2288 praedictae
1325 2259 1382 2289 per
1408 2250 1494 2280 viam

257 2339 262 2349 ¹
282 2337 343 2360 This
365 2336 447 2359 action
472 2336 491 2359 is
513 2335 566 2359 also
589 2335 689 2359 entered
713 2335 738 2358 in
762 2335 802 2359 the
901 2334 995 2359 Sheriff
1014 2334 1134 2363 (Richard
1159 2334 1262 2363 Seliok).
1309 2335 1330 2358 It
1354 2335 1374 2358 is
1397 2335 1495 2360 evident

209 2378 285 2401 Court
304 2376 374 2400 Book
391 2376 428 2400 for
449 2376 552 2407 1517·1S
567 2375 625 2406 (No.
645 2382 713 2406 1390,
728 2384 751 2407 p.
767 2377 801 2405 7),
901 2375 953 2399 that
969 2375 1000 2399 he
1017 2383 1066 2399 was
1082 2376 1259 2407 subsequently
1272 2376 1344 2400 made
1360 2385 1374 2400 a
1387 2381 1458 2408 party
1471 2381 1495 2401 to

208 2422 232 2441 at
264 2418 305 2442 the
340 2418 417 2441 Coun
449 2417 540 2440 holden
572 2425 604 2440 on
634 2417 800 2447 Wednesday,
901 2416 942 2440 the
970 2415 1060 2444 action,
1088 2416 1136 2439 and
1166 2416 1216 2439 this
1244 2421 1361 2440 accounts
1389 2418 1425 2441 sor
1453 2418 1495 2442 the

210 2458 352 2482 November
378 2457 414 2486 18,
444 2463 511 2488 1517.
558 2457 587 2480 In
611 2457 660 2480 this
683 2465 738 2481 case
761 2457 803 2480 the
901 2457 987 2480 erratio
1016 2465 1058 2481 use
1086 2457 1114 2480 of
1139 2457 1180 2481 the
1209 2457 1317 2488 singular
1344 2459 1392 2482 and
1416 2459 1494 2490 plural

208 2497 359 2521 declaration
373 2497 456 2520 makes
470 2505 501 2520 no
514 2497 623 2520 mention
636 2498 663 2520 os
680 2497 720 2520 the
733 2496 803 2521 other
902 2498 1017 2521 numbers
1029 2498 1053 2521 in
1067 2498 1107 2521 the
1115 2498 1266 2522 declaration
1279 2507 1305 2522 as
1317 2499 1374 2523 here
1387 2500 1492 2531 printed.
