1627 2823
187 270 245 301 154
380 270 545 295 RECORDs
569 270 614 295 OF
638 271 714 295 T111=3
739 271 915 296 BOROUGH
940 271 986 296 OF
1011 271 1272 296 NOTTINGHAM.
1374 265 1467 306 [1521

180 361 420 392 successoribus
445 363 562 393 nostris
588 363 617 394 in
644 364 827 404 praedictas
854 364 1008 401 Domum,
1029 364 1210 404 Hospstale,
1229 364 1417 396 Cantariam
1439 369 1472 396 et

182 417 351 458 Capellam
377 419 539 456 reintrare,
557 425 588 450 ct
613 425 714 450 terras
739 430 775 450 ac
800 425 988 451 tenementa
1012 420 1087 451 inde
1112 421 1143 450 in
1169 431 1302 451 manum
1326 426 1470 452 nostram

181 483 304 513 capere,
332 479 364 504 et
392 474 491 505 alium
521 476 700 507 Custodem
730 476 801 506 loco
829 476 929 516 ipsius
958 476 1092 507 Domini
1121 476 1272 507 Thomae
1299 477 1340 508 ad
1368 477 1472 508 dictas

182 529 337 567 Domum,
365 530 549 570 Hospitale,
576 532 765 564 Cantariam
792 537 824 563 et
850 532 1020 572 Capellam
1047 533 1221 573 assignare,
1247 532 1472 573 praesentibus

181 585 269 615 dono
296 590 328 616 et
359 587 569 617 concessione
597 588 715 618 nostris
743 588 774 618 in
807 587 917 628 aliquo
945 598 1009 618 non
1038 588 1253 619 obstantibus.
1302 588 1346 619 Et
1373 588 1471 619 etiam

181 640 264 671 bene
281 641 390 672 licebit
407 642 555 682 praefato
573 643 719 673 Domino
736 643 886 673 Thomae
903 643 1072 674 annuatim
1091 643 1211 674 habere
1227 649 1260 675 et
1277 643 1423 684 accipere
1440 644 1472 674 in

181 696 288 727 boscis
312 698 487 737 praedictis
509 703 573 728 tres
595 703 775 729 carectatas
798 698 875 738 ligni
894 698 1013 735 focalis,
1032 704 1063 729 et
1088 709 1152 729 non
1178 699 1270 736 ultra,
1288 699 1319 729 in
1344 709 1473 730 camera

181 752 328 792 ejusdem
348 753 482 783 Domini
501 754 652 784 Thomae
668 754 916 785 comburendas.

247 809 285 839 In
310 809 401 849 cujus
426 809 469 839 rei
496 810 721 840 testimonium
747 810 802 840 uni
825 810 907 850 parti
934 809 1030 850 hujus
1052 810 1163 850 scripti
1190 810 1350 841 indentati
1374 820 1473 851 penes

181 874 240 894 nos
257 864 421 904 praefatos
440 865 610 905 Majorem,
629 866 812 906 Burgenses
829 876 866 896 ac
884 866 1167 897 Communitatem
1184 867 1365 897 remanenti
1382 877 1473 907 prae-

181 920 287 950 dictus
312 920 476 951 Dominus
505 921 651 952 Thomas
679 921 822 961 sigillum
850 931 945 951 suum
974 922 1142 962 apposuit:
1170 921 1261 953 alteri
1286 933 1362 952 vero
1389 922 1472 962 parti

181 976 328 1017 ejusdem
345 977 456 1018 scripti
479 988 578 1017 penes
601 978 804 1018 praedictum
828 977 1009 1008 Dominum
1028 977 1192 1008 Thomam
1216 978 1397 1008 remanenti
1414 988 1474 1008 nos

181 1032 317 1073 praefati
336 1033 452 1073 Major,
472 1034 655 1073 Burgenses
673 1038 704 1064 et
723 1033 953 1065 Communitas
970 1033 1112 1073 sigillum
1133 1038 1280 1064 nostrum
1298 1043 1474 1064 commune

182 1089 403 1129 apposuimus.

248 1145 322 1175 Hiis
339 1144 491 1175 testibus:
518 1145 664 1176 Roberto
689 1145 853 1181 Mellours,
872 1149 950 1175 tune
975 1144 1103 1184 Majore
1126 1144 1222 1175 villae
1244 1144 1474 1185 Notingham’;

180 1200 332 1240 Johanne
361 1201 465 1238 Porte,
496 1201 733 1238 Recordatore3
767 1201 920 1241 Johanne
947 1200 1164 1237 XVilliamson,
1191 1200 1344 1240 Johanne
1378 1201 1474 1238 Rose,

181 1256 312 1286 Thoma
329 1256 495 1293 Mellours,
509 1256 641 1287 Thoma
654 1256 889 1296 XVylloughby,
903 1255 1071 1286 willelmo
1090 1256 1244 1296 Inglyssh
1257 1261 1290 1288 et
1306 1256 1474 1287 Willelrno

183 1311 333 1352 Kyrkby,
362 1311 614 1350 Aldermannis;
649 1312 801 1352 johanne
831 1312 961 1349 Howes,
991 1312 1138 1342 Roberto
1167 1312 1316 1352 Fyssher‚
1343 1312 1474 1344 Thoma

182 1367 324 1404 stabuls,
347 1368 515 1398 &Villelmo
542 1369 746 1408 Parmytour,
763 1373 795 1398 et
822 1368 964 1398 Ricardo
992 1368 1105 1405 Lister‚
1124 1368 1327 1400 Conciliariis
1352 1373 1385 1399 et
1411 1367 1474 1399 fide

181 1423 304 1463 dignis;
329 1423 460 1454 Thoma
480 1424 618 1454 Hobbes
640 1429 672 1454 et
696 1424 839 1454 Ricardo
857 1423 980 1464 Sydall,
999 1423 1202 1461 Camerariis,
1219 1429 1251 1455 et
1268 1423 1378 1454 multis
1395 1423 1473 1454 aliis.

185 1479 309 1510 Datum
335 1479 366 1509 in
392 1479 547 1519 Guyhald
574 1479 670 1510 villae
698 1479 921 1520 Notingham’,
938 1484 1056 1520 quarto
1080 1479 1209 1510 decimo
1234 1480 1286 1510 die
1311 1479 1473 1517 Octobris,

183 1545 270 1566 anno
287 1535 376 1576 regni
396 1535 496 1575 Regis
516 1535 649 1566 Henrici
669 1535 786 1567 Octavi
804 1535 900 1566 tertio
917 1535 1067 1566 decimo.¹
1347 1535 1433 1574 4569
1445 1535 1473 1565 b.

399 1646 578 1678 XCV—A
585 1646 665 1676 elion
674 1646 736 1685 for
749 1657 769 1676 a
785 1646 867 1676 Fine
876 1646 962 1686 paz'd
974 1651 1003 1676 to
1019 1646 1070 1677 tlte
1094 1646 1250 1677 Wardcns

595 1702 637 1740 of
652 1701 702 1732 lltc
721 1701 938 1733 Slloemakers'
958 1701 1059 1740 Crast.

650 1777 738 1808 1521,
757 1769 946 1800 November
963 1778 1009 1800 20.

245 1838 414 1878 Johannes
448 1837 630 1869 Chambers
662 1837 807 1877 queritur
837 1838 878 1868 de
911 1837 1065 1877 Johanne
1097 1837 1221 1873 Brown,
1252 1846 1401 1876 comyser,
1433 1836 1474 1867 de

181 1894 303 1934 placito
328 1893 438 1930 debiti,
463 1898 495 1923 et
521 1893 603 1933 petit
627 1892 682 1932 vjs.
698 1893 793 1933 viijd„
816 1903 898 1933 quos
923 1893 951 1924 ei
975 1893 1082 1930 debet,
1099 1898 1157 1924 etc.
1205 1893 1249 1923 Et
1274 1893 1361 1923 unde
1387 1893 1473 1923 idem

180 1950 349 1990 Johannes
379 1948 560 1981 Chambers
588 1949 618 1978 in
649 1949 780 1988 propria
805 1959 945 1989 persona
972 1959 1031 1979 sua
1057 1948 1144 1985 dicit,
1169 1948 1257 1988 quod
1285 1957 1359 1978 cum
1386 1948 1473 1978 idem
1490 1965 1502 1981 2

180 2006 357 2046 Johanncs¹
385 2009 483 2035 sexto
510 2004 639 2034 decimo
666 2004 719 2034 die
745 2004 831 2044 Julii,
860 2015 947 2034 anno
975 2004 1065 2044 regni
1095 2004 1229 2034 Domini
1260 2003 1360 2043 Regis
1388 2013 1474 2033 nunc

181 2061 432 2097 tertiodecimo,²
448 2060 500 2090 hic
517 2060 605 2100 apud
624 2060 850 2100 Notyngham‚
867 2065 935 2097 etc.‚
953 2060 994 2090 ad
1012 2064 1162 2099 rogatum
1180 2063 1212 2090 et
1229 2059 1473 2098 requisitionem

182 2117 282 2157 ipsius
298 2116 458 2156 Johannis
477 2115 611 2151 Brown',
628 2115 778 2146 solvisset
800 2125 859 2155 pro
876 2125 914 2145 eo
931 2115 1128 2155 quibusdam
1150 2114 1293 2155 Johanni
1317 2114 1420 2145 Beket
1442 2119 1474 2145 et

182 2172 349 2203 willelmo
374 2171 555 2211 Goldryng,
580 2170 755 2201 Gardianis
780 2170 919 2201 Artificii
947 2171 1104 2202 Sutorum
1129 2170 1224 2200 villae
1248 2169 1472 2209 Notingham’,

182 2238 240 2268 pro
257 2227 420 2257 erectione
437 2225 533 2256 artis³
556 2226 656 2266 ipsius
677 2225 838 2266 Johannis
858 2226 973 2256 Brown
996 2226 1181 2266 praedictos
1198 2225 1253 2265 vjs.
1268 2225 1367 2265 viijd.;
1391 2235 1473 2265 quos

181 2283 237 2323 vjs.
253 2283 339 2323 viijd.
359 2283 446 2313 idem
468 2281 637 2322 Johannes
656 2281 772 2311 Brown
796 2281 981 2312 resolvisset
997 2281 1102 2312 eidem
1125 2281 1268 2321 Johanni
1291 2280 1472 2312 Chambers

232 2372 237 2382 ¹
257 2370 290 2392 At
309 2369 350 2393 the
368 2369 418 2392 suot
436 2368 465 2392 os
483 2368 530 2391 this
549 2368 612 2392 deed
633 2375 719 2391 occurs
739 2367 780 2391 the
879 2367 1008 2399 [ingham].
1047 2368 1092 2391 Per
1110 2375 1149 2391 me
1168 2367 1290 2391 'rhomam
1309 2366 1471 2398 Gybbensw,

182 2410 323 2440 following:
344 2410 370 2432 ‘1
384 2413 469 2439 grante
484 2409 515 2432 be
528 2417 568 2439 my
581 2408 646 2432 hand
661 2407 780 2439 wrytyng’
877 2408 1052 2440 capellanum.’

182 2457 207 2475 to
231 2452 295 2482 keyp
316 2459 398 2481 seruys
421 2459 453 2481 yn
477 2450 518 2473 ilie
542 2450 658 2473 Churche
678 2450 715 2473 off
737 2457 780 2480 yor
926 2452 935 2462 ²
953 2449 1075 2480 Tuesday,
1088 2449 1146 2480 July
1161 2448 1196 2478 16,
1215 2454 1283 2479 1521.

185 2493 253 2523 Lady
271 2493 307 2516 sor
326 2492 367 2516 the
387 2497 462 2516 terme
480 2492 516 2516 off
531 2500 572 2522 my
590 2492 650 2522 lyeff
665 2500 697 2522 yn
716 2492 778 2515 Not·
930 2493 937 2506 '¹
953 2489 1018 2513 That
1036 2490 1064 2518 is,
1078 2498 1092 2513 a
1107 2490 1154 2513 sine
1172 2489 1219 2513 due
1237 2493 1262 2513 to
1280 2489 1320 2513 the
1339 2488 1465 2513 Corvisers

1492 879 1520 897 10

1492 1159 1519 1184 15

1489 1435 1521 1452 20

1489 2243 1520 2267 30
