1627 2823
237 248 301 284 408
436 253 600 279 RECORDS
623 254 670 279 OF
693 254 770 278 THE
793 254 970 280 BOROUGH
995 254 1041 279 OF
1066 254 1326 280 NOTTINGHAM.
1427 248 1520 289 [1451

237 345 295 375 viri
312 346 369 383 sui,
386 351 496 386 potest
511 347 641 378 admitti
659 347 700 378 ad
717 346 961 378 defendendum
976 346 1029 387 jus
1045 357 1147 378 suum.
1189 347 1233 378 Et
1249 346 1440 378 admittitur.
1481 347 1524 378 Et

238 401 402 433 defendit¹
418 402 471 442 jus
487 403 644 443 praedicti
662 402 863 441 Alexandri;
887 407 919 434 et
936 407 1031 434 vocat
1047 403 1088 434 ad
1105 403 1332 434 warrantiam2
1349 403 1524 443 Rogerum,

239 456 339 488 filium
373 458 517 490 Simonis
549 459 672 499 Gauge,
703 459 745 489 de
784 458 998 499 Notfflgham,
1029 459 1092 499 qui,
1124 469 1181 500 per
1215 458 1374 490 auxilium
1407 458 1524 490 Curiae

239 513 374 544 Domini
415 514 523 555 Regis,
554 514 754 545 summoneri
785 514 884 545 debet
922 515 953 545 in
993 515 1213 546 Comitatibus
1253 514 1461 554 Kantibrigg’
1491 519 1524 545 et

238 569 399 600 Leicestr'.
448 570 491 601 Et
508 570 631 602 habent
647 571 733 601 diem
753 580 854 611 usque
871 571 1057 611 proximam
1076 571 1216 603 Curiam.
1311 571 1398 607 1262,
1415 580 1457 601 ro.
1476 578 1522 600 22.

741 639 828 677 1336,
846 638 979 679 August
996 646 1022 677 7.

301 705 504 743 Alexander,
523 705 606 737 filius
630 706 765 737 Henrici
782 707 823 737 de
846 706 1060 746 Notingham,
1077 707 1118 737 de
1138 706 1384 746 Thursyngton,
1401 711 1524 747 petens,

236 761 357 801 optulit
373 772 408 792 se
424 772 535 792 versus
553 762 738 799 Isabellam,
756 772 894 792 uxorem
913 762 1080 793 Laurentii
1098 762 1127 792 le
1146 762 1234 799 Bere,
1251 762 1292 792 de
1310 762 1524 802 Notingham,

236 827 328 857 quae,
354 827 412 857 per
436 817 593 848 defaltam
619 818 777 858 praedicti
804 818 971 849 Laurentii
996 817 1053 848 viri
1078 817 1135 855 sui,
1159 817 1303 848 admissa
1328 823 1377 849 est
1402 818 1443 849 ad
1469 819 1524 849 de-

237 872 437 903 fendendum
452 873 505 913 jus
527 883 622 904 suum
639 874 680 904 de
704 873 826 914 placito
849 879 954 904 terrae
977 874 1018 904 de
1039 878 1229 904 tenemento
1253 873 1284 904 in
1310 873 1523 914 Notingharn.
1541 890 1570 908 10

237 928 281 959 Et
305 929 473 968 praedicta
498 929 640 960 Isabella
663 929 737 960 tulit
761 929 858 960 breve
883 929 1017 960 Domini
1044 929 1144 969 Regis
1160 929 1202 960 de
1221 930 1465 970 supersedendo
1483 930 1525 961 de

235 983 358 1024 placito
381 985 549 1025 praedicto
572 985 707 1016 ulterius
731 985 882 1022 tenendo,
905 985 936 1015 in
961 985 1041 1015 haec
1065 985 1178 1016 verba:
1202 985 1443 1023 ‘EDWARDUS,
1461 985 1524 1016 Dei

234 1040 357 1079 gratia,'
375 1039 448 1080 [etc.,
466 1040 603 1080 reciting
615 1040 693 1071 writ
707 1040 748 1079 of
762 1040 1005 1081 supersedeas?

301 1096 403 1136 Cujus
434 1102 609 1137 praetextu
641 1096 798 1137 placitum
830 1097 1034 1137 praedictum
1073 1097 1207 1128 ulterius
1238 1097 1382 1128 tenendo
1413 1107 1523 1138 super-

234 1162 360 1182 sessum
385 1157 442 1189 est,
459 1153 564 1183 donec
587 1152 745 1193 placitum
771 1153 947 1183 warantiae
972 1153 1158 1192 praedictae
1186 1153 1269 1184 inter
1296 1157 1404 1193 partes
1432 1163 1523 1193 prae·
1541 1171 1568 1198 ,5

233 1208 339 1240 dictas
355 1219 465 1240 coram
481 1209 671 1249 justitiariis
694 1209 830 1239 Domini
855 1209 955 1249 Regis
977 1209 1160 1249 praedictis,
1176 1209 1356 1240 secundum
1376 1214 1522 1240 tenorem

234 1264 340 1295 brevis
358 1265 525 1305 praedicti,
542 1265 742 1296 terminetur.
1310 1266 1397 1303 1262,
1415 1275 1456 1296 ro.
1476 1273 1522 1304 23.

331 1439 554 1479 II.-Lelting
565 1439 608 1478 of
625 1439 774 1471 Common
792 1438 891 1469 Laud
902 1439 943 1478 os
958 1438 1008 1469 tlte
1024 1444 1108 1470 town
1125 1444 1155 1470 to
1171 1439 1255 1470 mise
1271 1439 1388 1479 Money
1404 1443 1434 1470 to

464 1495 603 1534 furuisse
621 1495 766 1527 Soldl'ers
782 1500 812 1526 to
826 1501 970 1535 supprcss
988 1495 1097 1527 Cade’s
1113 1495 1281 1526 Rebellion.

729 1570 853 1602 1450-1‚
871 1563 986 1594 March
1003 1564 1029 1594 6.

302 1631 395 1661 Haec
423 1630 597 1662 indentura
624 1635 770 1668 testatur,
796 1631 884 1671 quod
913 1631 1060 1662 Thomas
1087 1631 1266 1669 Thurland,
1294 1631 1403 1672 Major
1429 1631 1523 1663 villae

235 1686 520 1726 Notynghamiae;
559 1686 706 1717 Thomas
746 1687 954 1727 Babyngton,
987 1687 1190 1718 Recordator
1227 1687 1374 1727 ejusdem
1413 1687 1522 1726 villae;

236 1743 396 1773 Ricardus
428 1743 561 1778 Samon,
589 1743 758 1782 Johannes
792 1743 966 1783 I'lumptre,
994 1743 1162 1782 Johannes
1193 1742 1348 1783 Orgrave,
1376 1743 1523 1774 Thomas
1537 1756 1569 1774 20

234 1798 374 1835 Alestre‚
391 1797 557 1829 Galsridus
576 1799 720 1836 Kneton‚
737 1803 769 1829 et
786 1798 955 1838 Johannes
973 1798 1128 1836 Ilkeston‚
1143 1799 1305 1831 Custodes
1324 1799 1415 1830 Pacis
1432 1809 1522 1840 prae-

234 1854 341 1885 dictae
372 1854 483 1891 villae;
521 1854 690 1894 Johannes
723 1854 841 1886 Clerke
879 1859 912 1885 et
944 1854 1103 1885 Ricardus
1143 1854 1272 1891 Bedale,
1303 1855 1522 1886 vicecomites

234 1910 421 1949 praedictae
437 1910 548 1947 villae;
572 1920 609 1940 ac
629 1910 789 1941 Ricardus
808 1910 929 1941 Parker
948 1915 980 1941 et
997 1910 1144 1940 Thomas
1162 1910 1327 1947 Bradmer,
1346 1910 1523 1942 Camerarii

235 1965 372 1995 ibidem:
396 1975 522 1996 necnon
540 1971 572 1996 et
592 1971 663 1996 tota
680 1966 910 1997 Communitas
933 1965 1080 2005 ejusdem
1098 1965 1200 2003 villae,
1218 1966 1430 2003 tradiderunt,
1446 1975 1522 1996 con-

234 2026 400 2052 cesserunt
420 2027 451 2052 et
471 2022 512 2052 ad
537 2021 664 2052 firmam
687 2022 881 2053 dimiserunt
901 2022 1044 2062 Johanni
1066 2021 1220 2062 Orgrave,
1237 2022 1279 2052 de
1296 2021 1522 2062 Notyngham,
1538 2037 1567 2064 ²5

234 2077 401 2116 pannario,
426 2087 527 2108 unum
559 2083 689 2118 pratum
719 2078 832 2118 jacens
863 2078 894 2108 in
923 2078 1023 2118 pratis
1051 2078 1092 2108 de
1121 2077 1338 2118 Notyngham
1370 2082 1522 2108 vocaturn

234 2132 489 2172 ‘lnggcrstcncrss
511 2143 570 2173 pro
595 2133 709 2174 viginti
737 2134 824 2164 libris
851 2133 1089 2165 Communitati
1116 2133 1211 2164 villae
1237 2134 1422 2174 praedictae
1446 2143 1523 2174 prae

235 2188 386 2219 manibus
409 2188 524 2219 solutis
548 2199 607 2228 pro
630 2213 635 2219 .
660 2214 665 2219 .
691 2214 696 2219 .
721 2189 855 2229 aginta4
878 2189 1065 2219 hominibus
1089 2189 1259 2220 conductis
1283 2189 1466 2220 transituris
1490 2189 1521 2219 in

284 2271 288 2280 ¹
308 2268 537 2296 desmdszdenies,
553 2273 678 2292 traverses.
977 2270 986 2285 3
1003 2268 1064 2292 This
1077 2269 1130 2292 writ
1147 2268 1287 2300 suspended
1305 2268 1346 2292 the
1363 2269 1523 2300 proceedings

282 2311 290 2320 ·'
311 2308 364 2331 ‘To
377 2308 454 2331 vouch
466 2313 491 2331 to
501 2308 641 2339 warranty,'
654 2316 738 2332 means
748 2313 773 2332 to
782 2309 830 2333 call
929 2308 953 2332 in
977 2308 1018 2332 the
1041 2309 1103 2332 local
1127 2309 1203 2333 Court
1233 2309 1295 2333 until
1318 2309 1360 2333 the
1387 2310 1469 2333 action
1498 2309 1526 2333 of

234 2356 247 2371 a
260 2356 347 2379 person
361 2348 417 2371 who
427 2348 475 2372 had
489 2349 626 2372 warranted
640 2349 682 2373 the
695 2354 828 2374 tenement.
929 2355 1049 2381 warranty
1061 2358 1111 2374 was
1122 2350 1226 2374 decided
1245 2351 1269 2374 in
1282 2350 1324 2374 the
1342 2350 1408 2381 royal
1421 2350 1519 2375 Courts.

236 2389 260 2412 If
269 2389 306 2412 his
319 2389 424 2420 liahility
436 2394 461 2413 to
475 2395 594 2420 warranty
608 2398 670 2414 were
684 2398 784 2421 proven,
799 2391 830 2414 he
929 2392 952 2415 A
965 2393 1017 2416 writ
1030 2392 1059 2416 of
1072 2392 1120 2416 this
1132 2392 1282 2424 description
1299 2392 1318 2416 is
1331 2391 1427 2423 printed
1443 2391 1468 2415 in
1481 2391 1522 2416 the

234 2429 281 2452 had
306 2435 332 2453 to
355 2430 443 2454 defend
468 2430 509 2454 the
533 2431 622 2454 action.
665 2432 712 2455 See
737 2431 828 2460 Reeve,
929 2432 1069 2461 ngristrum
1098 2433 1227 2461 erium,
1253 2432 1284 2456 so.
1311 2437 1333 2462 5.
1379 2431 1433 2455 The
1459 2431 1522 2455 local

235 2470 249 2492 i.
268 2476 318 2499 ¹32·
911 2472 1006 2500 ,Court
1024 2473 1097 2497 sailed
1118 2474 1222 2498 because
1242 2473 1259 2497 it
1278 2473 1327 2497 had
1348 2481 1380 2497 no
1397 2480 1480 2504 power
1497 2476 1522 2496 to
