1627 2823
221 281 264 312 60
422 287 585 313 lzssconos
609 287 656 312 OF
679 287 755 311 THE
780 287 956 312 Bououon
981 287 1027 312 OF
1052 287 1312 312 NOTTINGHAM.
1414 279 1516 321 [1500

285 379 454 419 Johannes
498 379 681 417 Skoffeton,
713 380 919 420 ircnmonger,
960 390 1018 420 pro
1059 380 1228 416 consimili,
1271 390 1328 420 per
1369 379 1513 420 plegium

225 435 356 466 Ricardi
376 436 483 476 Flynt,
500 446 649 475 corryscr,
667 441 698 466 ct
718 436 852 467 Robcrti
872 436 1044 473 Taverner,
1062 441 1218 476 ryntcncr,
1235 436 1291 476 vjs.
1309 435 1395 476 viijd.

289 491 449 522 Ricardus
481 492 640 528 Turnour,
672 497 794 529 muner,
826 502 884 532 pro
915 492 1083 529 consimili,
1116 503 1173 532 per
1203 492 1347 532 plegium
1381 491 1512 522 Ricardi

222 547 361 584 Woeffle,
378 547 489 584 linter,
507 552 538 578 ct
556 547 711 578 willelmi
729 547 918 587 Atkynson,
934 558 1084 587 comyser,
1101 547 1156 588 vjs.
1176 547 1261 587 viijd.

289 602 452 633 Henricus
477 603 634 643 Hopkyn,
652 608 773 640 muner,
796 613 854 643 pro
879 603 1047 640 consimili,
1070 614 1127 643 per
1153 603 1296 644 plegium
1324 602 1513 635 Christofcri
1545 610 1558 636 5

224 657 361 697 Pykcrd,
379 663 500 695 lanncr,
518 663 549 689 ct
567 658 723 689 Willelmi
742 658 953 699 Esyngwold,
972 659 1086 691 Clerici
1106 659 1249 699 Majoris,
1267 659 1322 699 vjs.
1341 659 1426 699 viijd.

286 713 472 744 &Villelmus
501 714 659 754 Kirkeby,
688 714 790 751 bakcr,
818 724 876 754 pro
904 714 1073 752 consimili,
1102 725 1158 755 per
1185 714 1329 754 plegium
1359 714 1512 746 Edwardi

221 769 370 809 WVylson,
381 779 509 808 yoman,
526 774 558 800 ct
574 769 735 809 Johannis
754 770 950 810 Spendlove,
968 775 1089 807 muner,
1108 770 1163 810 vjs.
1182 770 1268 810 viijd.

288 825 448 856 Ricardus
468 825 550 862 Fox,
567 835 670 866 nuper
686 826 728 856 de
744 826 899 866 parochia
915 827 956 857 de
979 826 1119 863 Selston,
1137 826 1168 856 in
1187 826 1355 858 Comitatu
1374 826 1514 867 Noting-

221 880 315 918 ham',
333 886 365 911 et
393 891 479 911 nunc
507 881 548 912 de
578 881 804 921 Notyngham,
826 892 886 922 pro
913 882 1081 919 consimili,
1104 892 1160 922 per
1188 881 1332 922 plegium
1357 881 1513 913 Willelmi
1531 890 1559 908 ¹0

223 930 308 974 Bult,
323 942 448 977 comper,
465 942 497 968 et
517 937 670 967 Edwardi
688 937 842 974 Taillour,
853 937 972 978 glover,
990 937 1046 978 vjs.
1064 937 1149 977 viijd.

287 993 434 1023 Thomas
452 993 576 1030 XVassc,
586 1004 706 1032 yoman
730 999 762 1024 ct
782 993 884 1030 baker,
902 1004 961 1034 pro
985 993 1153 1030 consimili,
1171 1003 1228 1033 per
1252 993 1395 1033 plegium
1421 993 1513 1024 Will-

221 1049 296 1079 elmi
315 1049 494 1089 Bitheway,
511 1049 613 1086 balcer,
631 1054 663 1079 et
679 1049 840 1089 Johannis
862 1049 976 1086 Down,
994 1048 1096 1085 balcet»,
1114 1048 1334 1085 Vicecomitis,
1352 1048 1407 1088 vjs.
1426 1048 1511 1089 viijd.

288 1104 445 1135 Patricius
483 1105 694 1145 Fitz-Lyons,
726 1105 756 1135 in
796 1105 969 1135 Medicinis
1002 1105 1135 1142 Doctor,
1167 1115 1225 1144 pro
1256 1104 1425 1141 consimili,
1457 1115 1514 1144 per

222 1160 366 1200 plegium
401 1161 531 1192 Ricardi
565 1161 730 1197 Mellours,
760 1161 904 1201 Majoris,
932 1166 963 1191 et
998 1161 1131 1191 Henrici
1164 1160 1294 1201 Hegyn,
1323 1161 1513 1198 mercatoris,
1531 1168 1558 1194 15

222 1217 277 1257 vjs.
296 1217 382 1258 viijd.
1329 1224 1422 1255 4547,
1440 1227 1467 1257 p.
1487 1224 1512 1255 7.

477 1479 688 1510 XL1.—L2‘st
703 1480 743 1518 os
758 1480 856 1510 lv'ines
864 1480 925 1519 sm*
938 1480 1066 1510 Liccllcc
1082 1485 1110 1510 lo
1133 1478 1253 1520 Yraffic.

777 1567 964 1598 1499-1300.

377 1639 472 1667 Fines
497 1648 555 1667 PRO
579 1640 731 1668 LICEN'HA
756 1640 1062 1675 MERCHANDIZANDI,
1088 1648 1150 1669 Hoc
1171 1648 1267 1675 ANNO,
1291 1648 1354 1668 ETc.

222 1717 370 1748 Thomas
397 1715 554 1757 Mario[t],
582 1717 724 1754 harbaum
750 1718 807 1748 dat
833 1728 892 1758 pro
918 1717 981 1748 fine
1008 1717 1293 1748 mcrchandizancli
1320 1716 1381 1747 hoc
1424 1733 1428 1737 -

350 1782 445 1809 anno,
462 1778 520 1803 etc.
613 1798 618 1803 .
709 1798 714 1803 .
804 1798 809 1803 .
899 1799 904 1803 .
993 1798 999 1803 .
1089 1798 1093 1803 .
1183 1798 1188 1803 .
1278 1798 1283 1802 .
1373 1797 1378 1802 .
1448 1771 1510 1812 vjd.

221 1827 406 1859 &Villelmus
424 1828 589 1865 Mellours,
606 1828 782 1865 ltalmakcr,
800 1839 859 1869 pro
875 1829 1034 1859 consimili
1087 1854 1092 1859 .
1182 1854 1187 1858 .
1277 1853 1282 1858 .
1371 1853 1376 1858 .
1447 1827 1510 1867 de.

222 1883 440 1915 Christoferus
458 1884 628 1921 Newham,
645 1884 783 1921 taillour,
802 1895 861 1924 pro
877 1885 1037 1915 consimili
1087 1910 1092 1915 .
1182 1909 1186 1914 .
1276 1909 1281 1914 .
1371 1908 1376 1913 .
1435 1883 1510 1923 iiijd.
1526 1899 1558 1917 20

223 1939 386 1970 Robertus
405 1940 543 1977 Wodde,
559 1946 675 1980 capper,
693 1950 752 1980 pro
768 1940 928 1971 consimili
993 1966 998 1970 .
1088 1965 1092 1970 .
1182 1965 1187 1970 .
1277 1965 1282 1970 .
1372 1964 1377 1969 .
1424 1938 1510 1978 viijd.

219 1995 388 2035 Johannes
407 1996 575 2036 Chappell,
591 1995 703 2035 smylll,
721 2006 780 2036 pro
796 1996 955 2026 consimili
992 2021 997 2026 .
1087 2021 1092 2026 .
1181 2020 1186 2025 .
1276 2020 1281 2025 .
1371 2019 1376 2024 .
1435 1994 1510 2034 iiijd.

221 2051 406 2082 VVillelmus
423 2051 572 2089 &Vatsom
589 2051 751 2091 loksmyllz,
769 2062 828 2092 pro
845 2051 1004 2082 consimili
1086 2075 1091 2081 .
1181 2075 1186 2080 .
1276 2075 1281 2080 .
1370 2075 1375 2079 .
1434 2049 1510 2090 iiijd.

220 2107 386 2138 Walterus
404 2107 595 2144 Northwod,
604 2107 744 2148 flctclcer,
762 2118 821 2148 pro
838 2107 997 2138 consimili
1087 2131 1091 2136 .
1182 2131 1186 2136 .
1277 2131 1282 2136 .
1372 2130 1377 2135 .
1447 2105 1510 2145 vjd.

221 2161 368 2193 Thomas
385 2162 663 2203 lsVotton,gl0vcr,
681 2173 740 2203 pro
756 2163 916 2194 consimili
995 2187 1000 2193 .
1090 2187 1094 2192 .
1185 2187 1189 2192 .
1279 2187 1284 2192 .
1374 2186 1379 2191 .
1430 2161 1509 2201 xijd.
1526 2177 1556 2203 ²5

223 2217 386 2248 Henricus
404 2219 539 2256 Cravcn,
557 2229 667 2255 wevcr,
684 2229 743 2258 pro
759 2218 920 2249 consimili
991 2243 995 2248 .
1085 2243 1090 2248 .
1180 2243 1185 2248 .
1275 2242 1280 2247 .
1370 2242 1375 2247 .
1434 2217 1509 2257 iiijd.

223 2273 387 2304 Robertus
405 2274 535 2311 Wallcr,
551 2274 656 2313 smyllt
707 2299 712 2304 .
803 2299 807 2304 .
898 2298 902 2304 .
993 2299 997 2304 .
1087 2298 1092 2304 .
1182 2298 1187 2304 .
1277 2298 1282 2303 .
1371 2298 1377 2303 .
1424 2273 1510 2312 viijd.

222 2327 407 2360 'willelmus
426 2330 598 2370 Sompton,
615 2330 719 2367 (οἰκίον,
737 2340 795 2370 pro
812 2330 971 2360 consimili
996 2354 1000 2360 .
1091 2354 1095 2359 .
1185 2354 1190 2359 .
1280 2354 1285 2359 .
1375 2353 1380 2358 .
1457 2328 1510 2368 ijd.

224 2384 384 2416 Ricardus
403 2386 545 2422 Dcnton,
558 2385 747 2425 goldsnfflll,
766 2396 824 2425 pro
841 2385 1001 2416 consimili
1091 2409 1096 2414 .
1185 2409 1190 2414 .
1280 2409 1285 2414 .
1375 2409 1380 2414 .
1457 2383 1510 2423 ijd.

222 2441 370 2472 Thomas
388 2442 513 2477 Brown,
531 2441 646 2480 tlpclcr,
664 2452 722 2481 pro
739 2441 898 2472 consimili
995 2466 1000 2470 .
1090 2465 1096 2470 .
1185 2465 1190 2470 .
1279 2464 1284 2469 .
1374 2464 1379 2469 .
1458 2439 1510 2478 ijd.
1526 2455 1557 2479 30

1327 2502 1420 2534 4547,
1438 2505 1465 2535 p·
1483 2495 1510 2525 6-
