1627 2823
223 255 285 278 200
419 254 584 279 RECORDS
608 255 654 279 OF
678 255 754 278 THE
778 254 955 279 BOROUGII
979 254 1025 279 OF
1051 255 1312 279 NOTTINGHAM.
1413 247 1511 288 [1538

221 347 381 387 parcellae
405 348 566 378 dictarum
591 348 736 388 quinque
760 357 949 385 mercatum,
974 347 1198 387 barganiasset
1222 353 1254 378 et
1282 348 1511 388 assumpsisset

221 413 318 443 super
334 413 368 433 se
386 402 455 443 [ad]
473 413 571 434 unam
590 414 709 434 novam
728 403 925 434 mediocrem
943 414 1140 444 campanam
1157 405 1198 435 de
1215 404 1358 444 quadam
1376 404 1512 444 antiqua

220 468 383 498 campana
400 459 554 490 mediocri
572 459 740 490 confracta
762 460 883 490 adtunc
900 465 932 490 et
949 459 1071 490 ibidem
1095 460 1260 500 pendente
1276 460 1308 490 in
1326 459 1512 500 campanuli

221 516 408 555 praedictae
448 515 615 546 Ecclesiae
650 515 844 556 parochialis
876 516 917 546 de
949 515 1133 547 Grantham
1165 516 1448 556 componendam1
1481 521 1513 546 et

220 571 467 602 deliberandam
499 571 654 612 praefatis
681 571 934 602 defendentibus
965 572 1053 611 apud
1086 571 1196 602 villam
1229 571 1452 611 Noffingham',
1481 571 1512 601 in
1545 580 1558 605 5

222 627 390 658 Comitatu
418 627 514 658 villae
541 627 764 667 Notingham’‚
782 626 865 658 infra
892 632 957 658 tres
985 627 1054 658 dies
1082 627 1236 667 proximo
1264 632 1295 658 et
1323 627 1514 658 immediate

220 688 394 723 sequentes
426 688 501 723 post
532 683 803 714 deliberationem
836 683 1024 723 praedictae
1055 683 1210 723 antiquae
1240 693 1437 724 campanae;
1476 694 1513 714 ac

220 742 369 778 tempore
389 739 705 777 communicationis,
727 739 879 779 colloquii
904 744 936 770 et
958 739 1213 779 barganiazandi
1235 739 1392 779 praedicti
1415 740 1513 770 iidem

220 794 435 825 defendentes
460 800 708 836 assumpserunt
732 805 829 835 super
852 805 886 825 se
903 794 973 835 [ad]
991 795 1192 835 praedictam
1217 795 1387 835 antiquam
1413 796 1514 826 medi-

219 861 328 881 ocrem
355 861 552 891 campanam
579 851 686 882 eidem
714 851 858 882 Ricardo
884 850 996 882 Seliok
1018 851 1265 881 deliberandam
1292 851 1379 891 apud
1404 851 1513 882 villam
1531 861 1560 879 ιο

221 907 438 947 Notingham’
463 907 674 947 praedictam,
699 907 731 937 in
758 907 926 938 Comitatu
951 906 1128 947 praedicto,
1149 906 1229 937 citra
1253 906 1372 937 festum
1399 907 1514 938 Pente-

220 968 326 994 costes
358 969 481 994 extunc
520 963 675 1003 proximo
706 968 738 994 et
769 963 960 993 immediate
998 972 1154 1002 sequens;
1193 972 1252 1002 pro
1283 963 1515 1003 compositura,

220 1019 345 1050 factura
369 1025 401 1050 et
425 1019 616 1059 operatione
639 1019 731 1059 cujus
753 1019 885 1058 quidem
910 1028 1015 1049 novae
1036 1027 1225 1058 campanae,
1243 1017 1329 1048 idem
1354 1018 1513 1049 Ricardus

221 1075 341 1112 Scliok,
359 1075 546 1116 sumptibus
568 1075 634 1105 suis
659 1075 797 1115 propriis
819 1079 851 1105 et
873 1074 1037 1114 expensis,
1055 1073 1182 1114 paravit
1205 1073 1368 1111 formulas,
1386 1074 1514 1105 moldas

221 1137 252 1161 et
275 1131 338 1161 alia
356 1131 539 1162 necessaria
561 1131 602 1162 ad
619 1131 797 1161 valentiam
815 1131 929 1161 decem
952 1140 1134 1160 morcarum
1151 1130 1398 1170 sterlingorum:
1422 1140 1513 1170 prae·
1532 1141 1559 1168 ¹5

220 1187 298 1217 dicti
317 1192 427 1217 tamen
446 1186 669 1224 defendentes,
687 1186 914 1217 machinantes
935 1186 1120 1226 praefatum
1144 1186 1322 1217 Ricardum
1341 1185 1465 1226 Selyok
1482 1186 1513 1216 in

220 1253 258 1273 ea
282 1248 375 1283 parte
400 1242 489 1279 falso,
507 1243 645 1273 subdole
669 1247 701 1273 et
726 1242 948 1273 fraudulenter
971 1242 1122 1282 decipere
1146 1247 1178 1273 et
1201 1241 1403 1279 defraudare,
1423 1252 1514 1282 prae-

220 1299 343 1329 dictam
376 1299 546 1339 antiquam
579 1308 775 1338 campanam
804 1298 845 1328 de
876 1308 961 1328 novo
994 1297 1177 1328 faciendam
1209 1298 1338 1328 cuidam
1370 1297 1514 1338 Johanni

220 1355 359 1394 NVolley,
389 1355 580 1394 bclsmmdca‘,
608 1355 660 1385 hic
688 1354 776 1394 apud
810 1354 1016 1393 Notingham
1046 1354 1256 1394 praedictam,
1284 1354 1314 1383 in
1345 1353 1514 1385 Comitatu

220 1411 396 1450 praedicto,
414 1411 531 1441 ultimo
555 1411 608 1441 die
631 1410 728 1450 Junii,
746 1420 834 1440 anno
857 1410 947 1449 regni
974 1410 1109 1440 Domini
1136 1409 1236 1449 Regis
1261 1420 1346 1440 nunc
1369 1410 1514 1449 xxvijnw,
1531 1422 1561 1439 20

220 1472 334 1497 contra
351 1467 612 1506 assumptionem
630 1471 662 1496 et
679 1465 950 1506 barganationem
974 1475 1067 1495 suam
1085 1465 1287 1505 praedictam
1311 1465 1515 1496 tradiderunt

220 1527 252 1553 et
278 1527 511 1562 exposuerunt,
531 1522 561 1551 in
589 1532 744 1561 magnam
771 1521 1054 1552 defraudationem
1081 1521 1159 1551 dicti
1187 1521 1327 1557 Ricardi,
1345 1531 1401 1561 per
1425 1522 1514 1561 quod

219 1589 326 1619 opera,
344 1578 436 1609 labor
460 1583 492 1608 et
517 1577 676 1608 industria
701 1582 733 1608 et
759 1587 926 1617 expensae
951 1577 1109 1617 praedicti
1136 1576 1266 1607 Ricardi
1292 1576 1404 1608 Seliok
1429 1577 1513 1607 circa

221 1634 384 1671 formulas,
416 1634 544 1665 moldas
583 1638 615 1664 et
645 1633 710 1664 alia
747 1633 929 1664 necessaria
961 1643 1143 1673 campanae
1177 1633 1364 1673 praedictae
1395 1633 1513 1673 partim

220 1691 366 1721 totaliter
387 1690 650 1726 adnichsslantur,
668 1689 728 1729 [et]
747 1689 832 1720 idem
860 1689 1021 1720 Ricardus
1044 1689 1256 1719 commodum
1279 1693 1311 1719 et
1333 1688 1513 1729 proficuum
1530 1701 1560 1727 25

221 1746 529 1777 mercandizationis
546 1756 624 1776 suae
641 1745 758 1782 amisit,
772 1744 972 1785 cetera[que]
991 1745 1124 1785 negotia
1139 1755 1198 1775 sua
1215 1745 1365 1785 neglecta
1378 1745 1515 1783 fuerunt,

221 1803 262 1833 ad
280 1813 378 1842 grave
396 1802 588 1842 dampnum,
607 1805 675 1838 etc„
693 1801 762 1831 xxti
783 1811 972 1831 mercarum.

288 1858 343 1888 Ad
370 1867 469 1898 quam
502 1857 588 1887 diem
621 1856 779 1896 praedicti
810 1856 1025 1887 defendentes
1057 1862 1317 1897 comparuerunt.
1370 1857 1413 1888 Et
1440 1858 1517 1898 quia

222 1918 380 1945 testatum
397 1918 447 1944 est
464 1913 515 1943 hic
532 1913 563 1943 in
583 1912 680 1944 CurIa
702 1923 761 1953 pro
778 1917 935 1952 querente
956 1912 1132 1953 praedicto,
1150 1913 1238 1953 quod
1261 1913 1517 1944 communicatio

222 1970 290 2000 sive
311 1969 511 2010 colloquium
534 1968 739 2009 praedictum
758 1968 880 1999 facturn
898 1968 958 2000 fuit
980 1968 1064 1999 inter
1087 1973 1196 2009 partes
1220 1969 1404 2009 praedictas
1428 1969 1515 2009 apud
1531 1982 1562 2007 30

223 2026 418 2062 Granfflam,
439 2025 470 2055 in
497 2025 666 2057 Comitatu
692 2024 849 2062 Lincoln’‚
866 2029 962 2055 extra
983 2024 1243 2065 jurisdictionem
1268 2024 1365 2066 hujus
1390 2024 1515 2062 Curiae,

224 2082 298 2112 ideo
323 2091 516 2112 concessum
542 2085 599 2118 est,
621 2081 710 2121 quod
735 2079 949 2111 defendentes
974 2085 1051 2111 eant
1076 2080 1146 2110 sine
1170 2080 1238 2119 die;
1263 2085 1295 2111 et
1319 2090 1458 2121 querens
1483 2081 1515 2111 in

225 2137 453 2168 misericordia.
1293 2144 1381 2175 1412,
1399 2146 1427 2176 p.
1446 2136 1514 2167 206.

431 2223 717 2255 CXVL-Action
725 2223 787 2262 for
801 2223 940 2254 Detinue
955 2224 996 2262 of
1011 2233 1031 2253 a
1057 2223 1192 2254 Woollen
1208 2223 1312 2254 Loom.

742 2292 829 2330 1538,
847 2291 942 2331 April
961 2298 1008 2330 25.

293 2360 475 2390 Edwardus
507 2358 682 2389 Marsshall
710 2358 855 2398 queritur
886 2369 996 2389 versus
1029 2358 1206 2398 Georgium
1237 2358 1425 2390 Sanderson
1457 2358 1517 2389 de²

227 2416 356 2456 placito,
373 2415 461 2455 quod
487 2415 602 2445 reddat
624 2414 652 2444 ei
675 2424 776 2444 unum
794 2414 986 2444 wollenlome
1009 2424 1082 2444 cum
1106 2414 1301 2453 ryngratlles,
1319 2413 1519 2453 zerarpbarres
1533 2420 1562 2446 35

227 2478 259 2502 et
274 2472 374 2512 spoylc
390 2471 494 2507 wlzclc,
512 2471 552 2500 ad
571 2470 747 2500 valentiam
765 2475 905 2510 quatuor
921 2470 1107 2500 solidorum.
1298 2478 1383 2507 1414,
1402 2480 1428 2509 p.
1453 2476 1516 2507 151.
