1627 2823
197 274 253 303 168
388 280 554 305 RECORDS
578 280 624 305 OF
648 281 724 304 THE
748 280 925 304 BOROUGH
950 280 996 304 OF
1022 280 1282 304 NOTTINGIIAM.

191 372 243 402 Dc
262 372 455 413 Ed[ward]o
472 373 621 413 Wcstby,
638 373 799 410 servienti,
816 383 875 414 pro
892 373 1063 413 stipendiis
1125 397 1130 402 .

192 428 243 458 Dc
261 428 462 460 Christoscro
480 429 624 469 Byrkby,
641 429 801 466 servienti,
819 439 878 469 pro
895 429 1066 469 stipendiis
1126 453 1130 458 .

192 484 242 514 Dc
260 484 422 515 Nicliolao
442 485 610 525 Riggeley,
628 485 789 522 servienti,
807 495 867 525 pro
883 485 1054 525 stipendiis

193 540 244 570 Dc
263 540 405 571 Ricardo
424 541 504 571 Pare
521 552 580 581 pro
598 541 773 572 mobilibus
790 541 855 572 suis

193 596 243 625 De
259 595 411 635 Johanne
430 596 529 627 Elton
547 608 606 637 pro
623 597 799 628 mobilibus
816 597 881 627 suis
935 621 940 626 .

191 651 242 681 De
259 651 391 682 Thoma
407 652 556 692 Gregory
573 663 632 693 pro
650 653 825 684 mobilibus
842 653 908 683 suis
935 677 940 682 .

192 707 244 737 De
263 707 405 738 Ricardo
423 708 701 748 Smyth,sj›sslm,
719 719 778 749 pro
795 708 971 738 mobilibus
988 707 1053 737 suis

191 762 242 793 De
257 763 410 803 Johanne
430 764 541 794 Revell
561 775 619 804 pro
637 765 812 795 mobilibus
829 764 894 794 suis
935 789 940 794 .

191 819 242 849 Dc
259 819 427 850 Willelmo
445 820 669 861 Sharpington
688 831 747 861 pro
764 820 939 851 mobilibus
956 820 1038 850 suis.

191 874 242 905 De
259 875 427 906 Willelmo
443 876 602 916 Johnson,
619 877 780 913 servienti,
798 886 856 916 pro
873 875 1045 916 stipendiis
1062 875 1128 905 suis

191 930 242 960 De
261 930 403 961 Ricardo
422 931 627 972 Daldcrbery
644 943 703 972 pro
721 932 896 962 mobilibus
938 956 943 962 .

192 986 242 1017 De
260 986 394 1027 Agnete
411 987 530 1024 Sawer,
548 988 654 1025 vidua,
672 999 731 1028 pro
748 988 942 1018 mobilibus.

256 1042 410 1074 Summa:
434 1043 485 1083 vij.
499 1043 526 1073 li.
543 1043 625 1084 xiijs.
641 1043 694 1084 ijd.

703 1105 968 1128 BRODMARSSE.

192 1156 244 1186 De
260 1155 392 1186 Thoma
410 1156 560 1196 Shepard
578 1167 637 1196 pro
654 1157 830 1187 mobilibus
847 1157 913 1187 suis
938 1181 942 1186 .

191 1212 243 1242 De
262 1212 427 1243 Edwardo
445 1213 639 1244 Parmatour
655 1223 714 1253 pro
731 1213 907 1244 mobilibus
924 1213 990 1243 suis
1035 1238 1039 1242 .

192 1269 244 1298 De
262 1268 409 1299 Roberto
428 1269 527 1299 Elton
546 1279 604 1309 pro
622 1269 797 1299 mobilibus
815 1269 880 1299 suis
936 1293 941 1298 .

192 1325 243 1355 De
262 1324 440 1364 Ranulpho
458 1325 584 1355 Blande
601 1335 659 1364 pro
677 1324 853 1355 mobilibus
869 1324 935 1354 suis

192 1380 244 1410 Dc
259 1380 412 1420 Johanne
430 1380 574 1410 Kendall
592 1390 651 1420 pro
668 1380 844 1411 mobilibus
860 1380 944 1410 suis.

193 1437 244 1466 De
264 1436 406 1467 Ricardo
424 1436 531 1466 Banes
548 1446 608 1476 pro
624 1436 716 1467 terris
733 1436 799 1466 suis
844 1461 849 1466 .

192 1492 244 1522 Dc
261 1491 392 1522 Thoma
411 1492 558 1532 Ramsey
574 1502 632 1532 pro
650 1492 826 1522 mobilibus
843 1491 909 1521 suis
939 1516 944 1521 .

193 1548 245 1578 De
264 1547 406 1578 Ricardo
423 1547 563 1587 Wylson
581 1558 640 1588 pro
658 1548 833 1578 mobilibus
850 1547 916 1578 suis
941 1571 946 1576 .

193 1604 244 1634 De
264 1604 411 1634 Roberto
430 1603 554 1643 Holyle
571 1614 631 1644 pro
649 1603 824 1634 mobilibus
841 1603 906 1633 suis
941 1627 946 1632 .

193 1660 245 1690 De
263 1659 370 1690 Alicia
389 1659 581 1699 Phylypson
600 1669 660 1700 pro
676 1659 852 1690 mobilibus
869 1658 934 1689 suis

259 1716 413 1747 Summa:
438 1715 478 1755 iij.
493 1715 519 1745 li.
536 1715 581 1755 ijs.

717 1775 970 1800 CASTELGATE,

195 1827 247 1857 De
263 1826 415 1866 Johanne
434 1827 534 1859 Cotes
551 1837 610 1868 pro
628 1827 804 1858 mobilibus
820 1827 885 1858 suis
941 1851 946 1856 .

195 1883 246 1912 De
262 1882 431 1914 &villelmo
449 1883 602 1914 WVebstcr
618 1894 677 1924 pro
694 1884 869 1914 mobilibus
886 1883 951 1914 suis

195 1939 247 1969 De
264 1939 433 1969 Willelmo
450 1939 559 1970 Wode
576 1950 635 1980 pro
652 1940 827 1970 mobilibus
844 1939 910 1970 suis
941 1963 947 1968 .

195 1994 246 2024 De
265 1994 412 2025 Roberto
432 1995 572 2025 Freman
590 2005 649 2035 pro
666 1995 842 2026 mobilibus
858 1995 924 2025 suis
940 2019 945 2024 .

195 2050 247 2080 De
264 2050 395 2080 Thoma
414 2050 615 2082 Summoner
630 2061 690 2090 pro
706 2051 882 2082 mobilibus
898 2051 964 2081 suis

196 2105 247 2135 De
266 2106 409 2136 Ricardo
427 2106 540 2137 Cooke
557 2117 616 2146 pro
633 2107 809 2137 mobilibus
825 2107 891 2137 suis
943 2131 948 2136 .

196 2160 247 2190 De
264 2161 432 2192 Willelmo
450 2161 584 2194 Oldfeld
602 2173 661 2203 pro
678 2162 855 2193 mobilibus
871 2162 937 2192 suis

196 2216 248 2246 De
267 2216 413 2247 Roberto
432 2217 590 2257 Davyson
609 2229 668 2259 pro
687 2218 862 2249 mobilibus
879 2217 944 2248 suis

197 2271 248 2302 Dc
263 2272 416 2311 Johanne
435 2273 636 2313 Cotingham
654 2285 714 2314 pro
731 2274 906 2304 mobilibus
923 2273 989 2303 suis
1038 2297 1042 2302 .

198 2327 249 2357 De
265 2327 433 2358 Willelmo
452 2329 619 2369 Cowhope
636 2341 695 2370 pro
712 2329 888 2360 mobilibus
904 2329 970 2359 suis

198 2384 248 2413 De
267 2384 431 2423 B‘Iargeria
449 2385 626 2426 Brasenby,
644 2386 750 2422 vidua,
768 2396 826 2425 pro
844 2384 1019 2415 mobilibus
1035 2383 1101 2413 suis
1133 2408 1138 2412 .

197 2438 248 2468 Dc
267 2439 429 2469 Nicholao
450 2440 567 2471 Huson
586 2451 644 2481 pro
662 2441 838 2472 mobilibus
854 2441 920 2471 suis
943 2465 948 2470 .

263 2496 416 2526 Summa:
440 2495 507 2535 vijs.

1384 273 1483 313 [¹524

1405 372 1481 412 iiijd.

1405 427 1481 467 iiijd.

1405 483 1480 523 iiijd.

1402 539 1481 579 xijd.

1435 595 1481 635 ijs.

1437 661 1480 680 vs.

1438 717 1481 736 vs.

1405 761 1481 802 iiijd.

1438 828 1481 847 vs.

1406 873 1481 912 iiijd.
1514 884 1530 900 o

1407 929 1482 969 iiijd.

1406 985 1482 1025 iiijd.

1415 1154 1483 1194 iiijs.

1405 1210 1484 1250 xijd.

1428 1265 1484 1305 vjs.

1405 1321 1484 1361 xijdy

1424 1377 1484 1407 xls.

1319 1458 1324 1463 .
1338 1432 1485 1472 vjsxiijd.

1406 1488 1485 1528 xijd.
1503 1494 1515 1512 2

1407 1543 1486 1583 xijd.

1407 1599 1486 1639 xijd.

1410 1654 1486 1695 iiijd.

1410 1822 1486 1862 iiijd.

1407 1879 1484 1919 iiijd.

1410 1935 1487 1974 iiijd.

1409 1991 1486 2030 iiijd.

1408 2047 1486 2087 iiijd.

1411 2102 1487 2142 iiijd.

1322 2184 1326 2188 .
1375 2157 1487 2198 xviijd.

1410 2213 1486 2254 iiijd.

1408 2269 1486 2309 xijd.

1410 2325 1487 2364 iiijd.

1323 2407 1328 2411 .
1376 2380 1517 2420 xviijd.}

1411 2436 1488 2476 iiijd.

1503 1216 1529 1242 ¹5

1502 1828 1532 1854 ²5

1503 2111 1534 2136 30
