1627 2823
212 284 268 314 172
404 282 569 307 RECORDS
593 281 639 306 01³
663 282 739 306 THE
765 282 941 307 HOROUGH
967 283 1012 307 OF
1038 282 1298 307 NOTTINGHAM.

208 375 259 405 De
278 375 422 405 Ricardo
440 375 576 406 Siddall'
594 385 653 414 pro
671 375 847 405 mobilibus
864 375 929 405 suis
955 400 960 405 .

208 430 259 461 De
276 431 407 461 Thoma
424 431 572 467 WVatson¹
590 431 750 467 servienti,
769 441 827 471 pro
844 431 1016 471 stipendiis
1032 432 1098 461 suis
1143 456 1148 460 .

208 485 260 516 De
278 486 429 516 Dionisio
446 486 577 526 Couper
594 496 652 526 pro
670 486 846 517 mobilibus
863 487 928 517 suis
952 512 957 517 .

208 542 259 572 De
276 541 407 572 Thoma
424 541 587 582 Goldring
603 551 662 581 pro
680 542 855 572 mobilibus
871 542 937 572 suis
953 567 958 572 .

208 597 259 627 De
278 597 426 628 Roberto
444 597 555 637 Spedc
571 607 630 637 pro
648 597 823 628 mobilibus
840 598 906 628 suis
951 623 956 628 .

208 653 259 683 De
276 653 407 684 Thoma
426 653 600 693 Harpham
618 663 676 693 pro
694 653 869 683 mobilibus
887 653 952 683 suis

208 708 259 739 De
275 709 428 749 Johanne
446 709 567 749 Smyth
585 719 644 749 pro
662 709 837 739 mobilibus
854 709 920 739 suis
954 734 959 739 .

209 764 259 794 De
279 765 424 795 Henrico
442 765 596 795 Durrand
614 775 673 805 pro
690 765 866 795 mobilibus
883 765 949 795 suis

209 820 260 850 De
275 821 428 860 Johanne
444 821 547 851 Ward
565 831 624 861 pro
642 820 817 851 mobilibus
834 821 900 851 suis
954 845 958 850 .

208 876 259 906 De
278 876 420 907 Ricardo
439 876 579 916 Bentley
595 886 654 916 pro
672 876 847 907 mobilibus
864 876 930 906 suis
954 901 959 906 .

208 932 259 962 De
276 932 420 972 Georgio
438 932 543 972 Davy,
561 932 722 969 servienti,
741 942 799 972 pro
816 932 988 972 stIpendiis
1005 932 1070 962 suis

208 988 259 1018 De
278 989 373 1019 Petro
393 988 512 1028 Hedge
530 998 588 1028 pro
606 988 781 1018 mobilibus
799 988 864 1018 suis

208 1044 259 1074 De
277 1043 424 1074 Roberto
442 1043 603 1074 Dammes
620 1054 679 1083 pro
697 1043 872 1074 mobilibus
889 1044 955 1074 suis

208 1099 259 1129 Dc
274 1099 401 1140 Jacobo
420 1099 510 1130 Reve
527 1109 586 1139 pro
604 1099 779 1129 mobilibus
796 1099 862 1129 suis

208 1154 259 1185 De
277 1155 408 1185 Thoma
427 1154 553 1185 Heu-ek
571 1165 630 1194 pro
647 1155 823 1185 mobilibus
840 1155 906 1185 suis
955 1180 959 1184 .

210 1211 260 1241 De
277 1210 445 1241 willelmo
463 1210 625 1250 Goldring
641 1220 700 1250 pro
718 1210 894 1241 mobilibus
910 1211 976 1241 suis

209 1266 260 1296 De
279 1267 418 1297 Edwino
437 1266 645 1306 Derbyshire,
663 1266 823 1303 servienti,
841 1277 900 1306 pro
916 1267 1087 1307 stipendiis
1105 1266 1198 1307 [suis]
1240 1291 1245 1296 .

209 1323 260 1353 De
276 1322 428 1363 Johanne
444 1322 592 1353 Wastell‘
610 1332 669 1362 pro
686 1322 862 1352 mobilibus
878 1323 960 1353 suis.

209 1378 260 1409 De
276 1378 410 1418 Agnete
429 1378 578 1418 Fyssher,
596 1378 702 1414 vidua,
719 1388 778 1418 pro
796 1378 971 1409 mobilibus
987 1378 1054 1408 suis

209 1434 260 1464 De
278 1434 422 1465 Ricardo
439 1433 666 1473 &Vidmerpole
682 1443 741 1473 pro
759 1433 934 1464 mobilibus
951 1433 1017 1464 suis
1049 1458 1054 1464 .

210 1490 261 1520 De
276 1490 429 1530 Johanne
448 1489 647 1529 Doubleday
664 1500 722 1529 pro
740 1489 915 1520 mobilibus
932 1489 998 1520 suis
1050 1514 1055 1520 .

210 1546 261 1576 De
277 1546 409 1576 Thoma
427 1545 552 1585 Byrch',
570 1545 731 1582 servienti,
749 1555 807 1585 pro
824 1545 995 1586 stipendiis
1012 1545 1078 1576 suis

210 1602 261 1632 De
279 1602 427 1633 Roberto
443 1602 592 1642 NVersop,
609 1601 770 1638 servienti,
788 1612 847 1642 pro
863 1602 1036 1642 stipendiis
1053 1601 1118 1632 suis
1143 1627 1148 1631 .

210 1658 261 1688 Dc
280 1658 423 1689 Ricardo
441 1658 573 1698 Pyndar
590 1667 648 1698 pro
666 1657 842 1688 mobilibus
858 1658 924 1688 suis
955 1683 959 1687 .

210 1714 261 1744 De
279 1714 411 1754 Rogero
429 1714 551 1744 Dunne
568 1723 627 1753 pro
645 1713 820 1744 mobilibus
837 1713 902 1744 suis
957 1739 961 1743 .

275 1770 429 1802 Summa:
454 1769 534 1809 liiijs.
550 1769 636 1809 viijd.

727 1830 980 1854 LOWPAMEN'I'.

211 1882 262 1913 De
278 1882 410 1913 Thoma
427 1882 585 1913 Mellours
602 1892 661 1922 pro
678 1882 853 1913 mobilibus
870 1882 936 1913 suis
957 1907 962 1913 .

210 1938 262 1968 De
277 1938 430 1978 Johanne
449 1937 571 1968 Howes
588 1948 647 1978 pro
665 1937 840 1969 mobilibus
857 1938 923 1968 suis
955 1963 960 1968 .

210 1994 260 2024 De
279 1993 457 2033 Radulpho
475 1993 606 2030 Sutton,
623 1993 784 2030 servienti,
802 2004 861 2034 pro
876 1993 1048 2034 stipendiis
1065 1994 1148 2024 suis.

210 2050 261 2080 Dc
279 2049 426 2080 Roberto
443 2049 574 2088 Mundy
591 2059 650 2089 pro
667 2049 843 2080 mobilibus
859 2049 925 2080 suis
955 2074 961 2079 .

210 2105 261 2135 De
280 2105 427 2136 Roberto
445 2105 564 2145 Lyster
581 2115 639 2145 pro
657 2105 832 2136 mobilibus
849 2105 914 2135 suis
955 2130 960 2135 .

210 2160 261 2190 De
280 2161 534 2191 Bartholomaeo
552 2161 692 2201 Chetyll'
710 2171 769 2200 pro
787 2161 962 2192 mobilibus
979 2161 1044 2191 suis

210 2217 261 2246 De
277 2217 429 2256 Johanne
446 2216 575 2247 Arnold
594 2227 652 2256 pro
669 2216 845 2247 mobilibus
862 2217 928 2247 suis
955 2241 960 2246 .

209 2272 261 2302 De
278 2272 411 2303 Olivero
427 2272 550 2312 Jepson
568 2282 627 2312 pro
645 2272 821 2302 mobilibus
838 2272 904 2302 suis
953 2297 958 2302 .

209 2328 260 2358 De
279 2328 424 2358 Henrico
442 2328 562 2367 Stepar
579 2338 638 2367 pro
655 2327 831 2358 mobilibus
848 2327 914 2358 suis
953 2352 958 2357 .

210 2384 260 2413 De
276 2383 428 2422 johanne
445 2383 623 2413 &Vodward
642 2393 701 2423 pro
718 2383 894 2413 mobilibus
911 2383 977 2413 suis

212 2440 260 2469 De
281 2439 457 2478 Radulpho
476 2438 610 2477 Byrdok
629 2449 687 2478 pro
705 2439 880 2469 mobilibus
897 2439 963 2469 suis

210 2495 261 2525 De
280 2495 426 2526 Roberto
444 2494 532 2524 Beltt
549 2504 608 2533 pro
625 2494 801 2525 mobilibus
818 2494 884 2525 suis

1399 274 1498 315 [¹524

1335 400 1339 404 .
1387 374 1499 414 xviijd.

1422 430 1498 470 iiijd.

1418 486 1497 526 xijd.

1419 542 1498 582 xijd.

1421 597 1498 637 iiijd.

1453 653 1498 693 ijs.

1420 709 1498 749 xijd.

1420 765 1498 805 xijd.

1420 820 1498 860 xijd.

1420 876 1498 916 xijd.

1423 931 1498 971 iiijd.

1423 987 1499 1027 iiijd.

1420 1043 1499 1083 xijd.

1421 1099 1499 1139 xijd.

1421 1155 1499 1195 xijd.

1443 1210 1499 1250 iijs.

1424 1266 1499 1305 iiijd.

1453 1322 1499 1361 ijs.

1421 1377 1499 1417 xijd.

1424 1433 1500 1473 iiijd.

1335 1514 1340 1519 .
1405 1500 1500 1519 XXVS.

1424 1545 1500 1585 iiijd.

1423 1601 1500 1641 iiijd.

1425 1657 1500 1697 iiijd.

1424 1713 1500 1753 iiijd.

1418 1881 1458 1922 iij.
1471 1881 1500 1912 li*

1421 1937 1500 1977 viijs.

1423 1992 1499 2033 iiijd.

1423 2048 1499 2089 iiijd.

1421 2104 1499 2144 xijd.

1423 2159 1499 2200 iiijd.

1424 2215 1500 2255 iiijd.

1334 2296 1339 2301 .
1354 2271 1500 2311 vjs.viijd.

1334 2351 1339 2356 .
1387 2326 1499 2366 xviijd.
1516 2334 1529 2358 3

1425 2382 1500 2422 iiijd*

1424 2437 1499 2477 iiijd.

1424 2493 1499 2533 iiijd.

1518 886 1547 904 10

1519 1164 1545 1189 ¹5

1516 1443 1548 1460 20

1516 1720 1546 1746 ²5

1515 2063 1547 2088 30
